<?xml version="1.0" encoding="UTF-8"?>
<!DOCTYPE html PUBLIC "-//W3C//DTD XHTML 1.0 Transitional//EN"
    "http://www.w3.org/TR/xhtml1/DTD/xhtml1-transitional.dtd">
<html xmlns="http://www.w3.org/1999/xhtml" xml:lang="en" lang="en">
 <head>
  <title>
</title>
<meta http-equiv="Content-Type" content="text/html;charset=utf-8" />
  <meta name='ocr-system' content='tesseract 3.04.00' />
  <meta name='ocr-capabilities' content='ocr_page ocr_carea ocr_par ocr_line ocrx_word'/>
</head>
<body>
  <div class='ocr_page' id='page_1' title='image "./cartulariumabba01atkigoog_0404.png"; bbox 0 0 3285 5121; ppageno 0'>
   <div class='ocr_carea' id='block_1_1' title="bbox 665 639 2567 701">
    <p class='ocr_par' dir='ltr' id='par_1_1' title="bbox 665 639 2567 701">
     <span class='ocr_line' id='line_1_1' title="bbox 665 639 2567 701; baseline 0.001 -5"><span class='ocrx_word' id='word_1_1' title='bbox 665 639 789 696; x_wconf 87' lang='grc'>308</span> <span class='ocrx_word' id='word_1_2' title='bbox 1028 647 1572 701; x_wconf 70' lang='lat' dir='ltr'>GAETULABIUM</span> <span class='ocrx_word' id='word_1_3' title='bbox 1608 647 2022 698; x_wconf 82' lang='lat' dir='ltr'>ABBATHIAE</span> <span class='ocrx_word' id='word_1_4' title='bbox 2059 646 2157 697; x_wconf 86' lang='lat' dir='ltr'>DE</span> <span class='ocrx_word' id='word_1_5' title='bbox 2190 645 2567 697; x_wconf 84' lang='lat' dir='ltr'><strong>WHITEBY.</strong></span> 
     </span>
    </p>
   </div>
   <div class='ocr_carea' id='block_1_2' title="bbox 660 809 2958 2482">
    <p class='ocr_par' dir='ltr' id='par_1_2' title="bbox 660 809 2958 2482">
     <span class='ocr_line' id='line_1_2' title="bbox 660 809 2953 895; baseline -0.002 -19"><span class='ocrx_word' id='word_1_6' title='bbox 660 812 1099 877; x_wconf 83' lang='lat' dir='ltr'>vendicabunt</span> <span class='ocrx_word' id='word_1_7' title='bbox 1142 811 1524 879; x_wconf 86' lang='lat' dir='ltr'>transeundi</span> <span class='ocrx_word' id='word_1_8' title='bbox 1564 832 1680 895; x_wconf 90' lang='lat' dir='ltr'>per</span> <span class='ocrx_word' id='word_1_9' title='bbox 1723 811 1965 876; x_wconf 89' lang='lat' dir='ltr'>curiam</span> <span class='ocrx_word' id='word_1_10' title='bbox 2009 810 2202 894; x_wconf 83' lang='lat' dir='ltr'>praed.</span> <span class='ocrx_word' id='word_1_11' title='bbox 2232 810 2511 874; x_wconf 86' lang='lat' dir='ltr'>Abbatis</span> <span class='ocrx_word' id='word_1_12' title='bbox 2555 814 2621 873; x_wconf 93' lang='lat' dir='ltr'>et</span> <span class='ocrx_word' id='word_1_13' title='bbox 2665 828 2832 875; x_wconf 90' lang='lat' dir='ltr'>mon.</span> <span class='ocrx_word' id='word_1_14' title='bbox 2865 809 2953 872; x_wconf 93' lang='lat' dir='ltr'>de</span> 
     </span>
     <span class='ocr_line' id='line_1_3' title="bbox 662 909 2956 992; baseline -0.002 -16"><span class='ocrx_word' id='word_1_15' title='bbox 662 912 1147 978; x_wconf 88' lang='lat' dir='ltr'>consuetudine.</span> <span class='ocrx_word' id='word_1_16' title='bbox 1271 912 1592 978; x_wconf 85' lang='lat' dir='ltr'>Convenit</span> <span class='ocrx_word' id='word_1_17' title='bbox 1651 912 1847 975; x_wconf 88' lang='lat' dir='ltr'>etiam</span> <span class='ocrx_word' id='word_1_18' title='bbox 1907 912 2077 974; x_wconf 91' lang='lat' dir='ltr'>inter</span> <span class='ocrx_word' id='word_1_19' title='bbox 2133 930 2436 992; x_wconf 82' lang='lat' dir='ltr'>praenom.</span> <span class='ocrx_word' id='word_1_20' title='bbox 2495 909 2820 972; x_wconf 85' lang='lat' dir='ltr'>Abbatem</span> <span class='ocrx_word' id='word_1_21' title='bbox 2883 914 2956 971; x_wconf 90' lang='lat' dir='ltr'>et</span> 
     </span>
     <span class='ocr_line' id='line_1_4' title="bbox 663 1008 2956 1094; baseline -0.002 -20"><span class='ocrx_word' id='word_1_22' title='bbox 663 1032 831 1075; x_wconf 88' lang='lat' dir='ltr'>mon.</span> <span class='ocrx_word' id='word_1_23' title='bbox 866 1020 932 1075; x_wconf 90' lang='lat' dir='ltr'>et</span> <span class='ocrx_word' id='word_1_24' title='bbox 960 1011 1369 1088; x_wconf 90' lang='lat' dir='ltr'>Michaelem‚</span> <span class='ocrx_word' id='word_1_25' title='bbox 1398 1011 1571 1094; x_wconf 87' lang='lat' dir='ltr'>quod</span> <span class='ocrx_word' id='word_1_26' title='bbox 1613 1011 1787 1074; x_wconf 90' lang='lat' dir='ltr'>idem</span> <span class='ocrx_word' id='word_1_27' title='bbox 1822 1009 2122 1086; x_wconf 87' lang='lat' dir='ltr'>Michael,</span> <span class='ocrx_word' id='word_1_28' title='bbox 2151 1009 2255 1073; x_wconf 89' lang='lat' dir='ltr'>vel</span> <span class='ocrx_word' id='word_1_29' title='bbox 2304 1009 2425 1085; x_wconf 86' lang='lat' dir='ltr'>sui,</span> <span class='ocrx_word' id='word_1_30' title='bbox 2455 1008 2658 1071; x_wconf 85' lang='lat' dir='ltr'>nichil</span> <span class='ocrx_word' id='word_1_31' title='bbox 2700 1013 2956 1091; x_wconf 89' lang='lat' dir='ltr'>ponent</span> 
     </span>
     <span class='ocr_line' id='line_1_5' title="bbox 664 1108 2953 1194; baseline -0.002 -20"><span class='ocrx_word' id='word_1_32' title='bbox 664 1110 770 1175; x_wconf 85' lang='lat' dir='ltr'>vel</span> <span class='ocrx_word' id='word_1_33' title='bbox 802 1112 1159 1194; x_wconf 88' lang='lat' dir='ltr'>operabunt</span> <span class='ocrx_word' id='word_1_34' title='bbox 1188 1133 1228 1176; x_wconf 89' lang='lat' dir='ltr'>a</span> <span class='ocrx_word' id='word_1_35' title='bbox 1256 1117 1443 1194; x_wconf 86' lang='lat' dir='ltr'>porta</span> <span class='ocrx_word' id='word_1_36' title='bbox 1466 1110 1661 1194; x_wconf 81' lang='lat' dir='ltr'>praed.</span> <span class='ocrx_word' id='word_1_37' title='bbox 1687 1110 1964 1174; x_wconf 83' lang='lat' dir='ltr'>Abbatis</span> <span class='ocrx_word' id='word_1_38' title='bbox 1987 1116 2053 1172; x_wconf 90' lang='lat' dir='ltr'>et</span> <span class='ocrx_word' id='word_1_39' title='bbox 2075 1129 2241 1172; x_wconf 82' lang='lat' dir='ltr'>mon.</span> <span class='ocrx_word' id='word_1_40' title='bbox 2266 1129 2476 1191; x_wconf 88' lang='lat' dir='ltr'>usque</span> <span class='ocrx_word' id='word_1_41' title='bbox 2504 1108 2588 1171; x_wconf 89' lang='lat' dir='ltr'>ad</span> <span class='ocrx_word' id='word_1_42' title='bbox 2615 1108 2953 1191; x_wconf 80' lang='lat' dir='ltr'>publicam</span> 
     </span>
     <span class='ocr_line' id='line_1_6' title="bbox 664 1206 2955 1288; baseline -0.002 -15"><span class='ocrx_word' id='word_1_43' title='bbox 664 1216 950 1288; x_wconf 85' lang='lat' dir='ltr'>stratam,</span> <span class='ocrx_word' id='word_1_44' title='bbox 1010 1209 1094 1274; x_wconf 88' lang='lat' dir='ltr'>ad</span> <span class='ocrx_word' id='word_1_45' title='bbox 1167 1216 1630 1275; x_wconf 84' lang='lat' dir='ltr'>nocumentum</span> <span class='ocrx_word' id='word_1_46' title='bbox 1703 1210 1918 1272; x_wconf 84' lang='lat' dir='ltr'>exitus</span> <span class='ocrx_word' id='word_1_47' title='bbox 1976 1206 2084 1271; x_wconf 85' lang='lat' dir='ltr'>vel</span> <span class='ocrx_word' id='word_1_48' title='bbox 2154 1207 2458 1271; x_wconf 80' lang='lat' dir='ltr'>introitus</span> <span class='ocrx_word' id='word_1_49' title='bbox 2529 1207 2808 1270; x_wconf 84' lang='lat' dir='ltr'>Abbatis</span> <span class='ocrx_word' id='word_1_50' title='bbox 2883 1213 2955 1269; x_wconf 86' lang='lat' dir='ltr'>et</span> 
     </span>
     <span class='ocr_line' id='line_1_7' title="bbox 665 1306 2950 1388; baseline -0.002 -14"><span class='ocrx_word' id='word_1_51' title='bbox 665 1309 1143 1388; x_wconf 87' lang='lat' dir='ltr'>monachorum,</span> <span class='ocrx_word' id='word_1_52' title='bbox 1194 1309 1302 1375; x_wconf 85' lang='lat' dir='ltr'>vel</span> <span class='ocrx_word' id='word_1_53' title='bbox 1361 1330 1641 1384; x_wconf 87' lang='lat' dir='ltr'>suorum,</span> <span class='ocrx_word' id='word_1_54' title='bbox 1696 1309 1873 1373; x_wconf 87' lang='lat' dir='ltr'>salvo</span> <span class='ocrx_word' id='word_1_55' title='bbox 1932 1316 2153 1372; x_wconf 85' lang='lat' dir='ltr'>tamen</span> <span class='ocrx_word' id='word_1_56' title='bbox 2200 1307 2411 1371; x_wconf 91' lang='lat' dir='ltr'>eidem</span> <span class='ocrx_word' id='word_1_57' title='bbox 2470 1306 2780 1369; x_wconf 86' lang='lat' dir='ltr'>Michaeli</span> <span class='ocrx_word' id='word_1_58' title='bbox 2838 1312 2909 1369; x_wconf 91' lang='lat' dir='ltr'>et</span> <span class='ocrx_word' id='word_1_59' title='bbox 2928 1306 2950 1344; x_wconf 87' lang='lat'>¹</span> 
     </span>
     <span class='ocr_line' id='line_1_8' title="bbox 665 1406 2954 1489; baseline -0.001 -17"><span class='ocrx_word' id='word_1_60' title='bbox 665 1409 801 1473; x_wconf 90' lang='lat' dir='ltr'>suis</span> <span class='ocrx_word' id='word_1_61' title='bbox 831 1411 1016 1473; x_wconf 84' lang='lat' dir='ltr'>exitu</span> <span class='ocrx_word' id='word_1_62' title='bbox 1046 1416 1113 1474; x_wconf 90' lang='lat' dir='ltr'>et</span> <span class='ocrx_word' id='word_1_63' title='bbox 1142 1410 1415 1474; x_wconf 89' lang='lat' dir='ltr'>introitu</span> <span class='ocrx_word' id='word_1_64' title='bbox 1457 1409 1540 1473; x_wconf 88' lang='lat' dir='ltr'>ad</span> <span class='ocrx_word' id='word_1_65' title='bbox 1585 1408 1858 1473; x_wconf 90' lang='lat' dir='ltr'>eandem</span> <span class='ocrx_word' id='word_1_66' title='bbox 1888 1407 2151 1471; x_wconf 89' lang='lat' dir='ltr'>domum</span> <span class='ocrx_word' id='word_1_67' title='bbox 2181 1406 2261 1470; x_wconf 91' lang='lat' dir='ltr'>de</span> <span class='ocrx_word' id='word_1_68' title='bbox 2292 1427 2422 1489; x_wconf 88' lang='lat' dir='ltr'>qua</span> <span class='ocrx_word' id='word_1_69' title='bbox 2459 1406 2836 1470; x_wconf 85' lang='lat' dir='ltr'>movebatur</span> <span class='ocrx_word' id='word_1_70' title='bbox 2865 1406 2954 1470; x_wconf 85' lang='lat' dir='ltr'>lis</span> 
     </span>
     <span class='ocr_line' id='line_1_9' title="bbox 664 1504 2956 1580; baseline -0.002 -8"><span class='ocrx_word' id='word_1_71' title='bbox 664 1509 837 1572; x_wconf 90' lang='lat' dir='ltr'>inter</span> <span class='ocrx_word' id='word_1_72' title='bbox 882 1509 1139 1572; x_wconf 89' lang='lat' dir='ltr'>eosdem</span> <span class='ocrx_word' id='word_1_73' title='bbox 1188 1509 1512 1573; x_wconf 88' lang='lat' dir='ltr'>Abbatem</span> <span class='ocrx_word' id='word_1_74' title='bbox 1563 1514 1628 1571; x_wconf 92' lang='lat' dir='ltr'>et</span> <span class='ocrx_word' id='word_1_75' title='bbox 1681 1528 1867 1580; x_wconf 91' lang='lat' dir='ltr'>mon.,</span> <span class='ocrx_word' id='word_1_76' title='bbox 1918 1511 1985 1571; x_wconf 92' lang='lat' dir='ltr'>et</span> <span class='ocrx_word' id='word_1_77' title='bbox 2036 1504 2440 1569; x_wconf 87' lang='lat' dir='ltr'>Michaelem.</span> <span class='ocrx_word' id='word_1_78' title='bbox 2547 1506 2634 1567; x_wconf 91' lang='lat' dir='ltr'>Et</span> <span class='ocrx_word' id='word_1_79' title='bbox 2682 1509 2758 1567; x_wconf 86' lang='lat' dir='ltr'>ut</span> <span class='ocrx_word' id='word_1_80' title='bbox 2810 1504 2956 1568; x_wconf 78' lang='lat' dir='ltr'>haec</span> 
     </span>
     <span class='ocr_line' id='line_1_10' title="bbox 668 1603 2954 1690; baseline -0.002 -19"><span class='ocrx_word' id='word_1_81' title='bbox 668 1607 884 1671; x_wconf 85' lang='lat' dir='ltr'>omnia</span> <span class='ocrx_word' id='word_1_82' title='bbox 914 1606 984 1669; x_wconf 92' lang='lat' dir='ltr'>in</span> <span class='ocrx_word' id='word_1_83' title='bbox 1012 1607 1305 1671; x_wconf 86' lang='lat' dir='ltr'>roborem</span> <span class='ocrx_word' id='word_1_84' title='bbox 1327 1613 1714 1690; x_wconf 88' lang='lat' dir='ltr'>perpetuum</span> <span class='ocrx_word' id='word_1_85' title='bbox 1736 1604 2108 1681; x_wconf 73' lang='lat' dir='ltr'>habeantur,</span> <span class='ocrx_word' id='word_1_86' title='bbox 2133 1610 2407 1687; x_wconf 88' lang='lat' dir='ltr'>utraque</span> <span class='ocrx_word' id='word_1_87' title='bbox 2434 1624 2581 1686; x_wconf 88' lang='lat' dir='ltr'>pars</span> <span class='ocrx_word' id='word_1_88' title='bbox 2602 1604 2725 1667; x_wconf 94' lang='lat' dir='ltr'>hoc</span> <span class='ocrx_word' id='word_1_89' title='bbox 2745 1603 2954 1686; x_wconf 88' lang='lat' dir='ltr'>scrip-</span> 
     </span>
     <span class='ocr_line' id='line_1_11' title="bbox 665 1703 2957 1790; baseline -0.001 -21"><span class='ocrx_word' id='word_1_90' title='bbox 665 1711 810 1769; x_wconf 88' lang='lat' dir='ltr'>tum</span> <span class='ocrx_word' id='word_1_91' title='bbox 853 1705 1085 1790; x_wconf 80' lang='lat' dir='ltr'>sigillis</span> <span class='ocrx_word' id='word_1_92' title='bbox 1129 1706 1263 1771; x_wconf 89' lang='lat' dir='ltr'>suis</span> <span class='ocrx_word' id='word_1_93' title='bbox 1305 1705 1646 1770; x_wconf 80' lang='lat' dir='ltr'>roboravit.</span> <span class='ocrx_word' id='word_1_94' title='bbox 1736 1704 2114 1768; x_wconf 86' lang='lat' dir='ltr'>Notandum</span> <span class='ocrx_word' id='word_1_95' title='bbox 2174 1703 2371 1768; x_wconf 87' lang='lat' dir='ltr'>etiam</span> <span class='ocrx_word' id='word_1_96' title='bbox 2414 1704 2587 1786; x_wconf 90' lang='lat' dir='ltr'>quod</span> <span class='ocrx_word' id='word_1_97' title='bbox 2644 1704 2957 1768; x_wconf 85' lang='lat' dir='ltr'>convenit</span> 
     </span>
     <span class='ocr_line' id='line_1_12' title="bbox 666 1802 2953 1888; baseline -0.001 -20"><span class='ocrx_word' id='word_1_98' title='bbox 666 1804 836 1869; x_wconf 89' lang='lat' dir='ltr'>inter</span> <span class='ocrx_word' id='word_1_99' title='bbox 885 1825 1186 1888; x_wconf 83' lang='lat' dir='ltr'>praenom.</span> <span class='ocrx_word' id='word_1_100' title='bbox 1233 1806 1557 1870; x_wconf 86' lang='lat' dir='ltr'>Abbatem</span> <span class='ocrx_word' id='word_1_101' title='bbox 1611 1805 1730 1888; x_wconf 94' lang='lat' dir='ltr'>[et]</span> <span class='ocrx_word' id='word_1_102' title='bbox 1793 1802 2157 1878; x_wconf 87' lang='lat' dir='ltr'>monachos,</span> <span class='ocrx_word' id='word_1_103' title='bbox 2202 1808 2268 1867; x_wconf 92' lang='lat' dir='ltr'>et</span> <span class='ocrx_word' id='word_1_104' title='bbox 2323 1803 2396 1865; x_wconf 87' lang='lat' dir='ltr'>M</span> <span class='ocrx_word' id='word_1_105' title='bbox 2401 1802 2730 1878; x_wconf 88' lang='lat' dir='ltr'>ichaelem,</span> <span class='ocrx_word' id='word_1_106' title='bbox 2773 1803 2953 1886; x_wconf 86' lang='lat' dir='ltr'>quod</span> 
     </span>
     <span class='ocr_line' id='line_1_13' title="bbox 668 1901 2958 1986; baseline -0.002 -19"><span class='ocrx_word' id='word_1_107' title='bbox 668 1904 841 1968; x_wconf 89' lang='lat' dir='ltr'>idem</span> <span class='ocrx_word' id='word_1_108' title='bbox 884 1904 1170 1969; x_wconf 85' lang='lat' dir='ltr'>Michael</span> <span class='ocrx_word' id='word_1_109' title='bbox 1214 1904 1584 1969; x_wconf 86' lang='lat' dir='ltr'>emendaret</span> <span class='ocrx_word' id='word_1_110' title='bbox 1626 1905 1800 1967; x_wconf 83' lang='lat' dir='ltr'>viam</span> <span class='ocrx_word' id='word_1_111' title='bbox 1845 1923 1990 1986; x_wconf 86' lang='lat' dir='ltr'>quae</span> <span class='ocrx_word' id='word_1_112' title='bbox 2035 1902 2215 1967; x_wconf 90' lang='lat' dir='ltr'>ducit</span> <span class='ocrx_word' id='word_1_113' title='bbox 2258 1922 2298 1965; x_wconf 88' lang='lat' dir='ltr'>a</span> <span class='ocrx_word' id='word_1_114' title='bbox 2336 1908 2521 1985; x_wconf 90' lang='lat' dir='ltr'>porta</span> <span class='ocrx_word' id='word_1_115' title='bbox 2562 1901 2842 1964; x_wconf 86' lang='lat' dir='ltr'>Abbatis</span> <span class='ocrx_word' id='word_1_116' title='bbox 2887 1909 2958 1964; x_wconf 89' lang='lat' dir='ltr'>et</span> 
     </span>
     <span class='ocr_line' id='line_1_14' title="bbox 665 2001 2957 2088; baseline -0.001 -21"><span class='ocrx_word' id='word_1_117' title='bbox 665 2024 834 2068; x_wconf 89' lang='lat' dir='ltr'>mon.</span> <span class='ocrx_word' id='word_1_118' title='bbox 853 2024 1059 2088; x_wconf 87' lang='lat' dir='ltr'>usque</span> <span class='ocrx_word' id='word_1_119' title='bbox 1081 2004 1163 2068; x_wconf 95' lang='lat' dir='ltr'>ad</span> <span class='ocrx_word' id='word_1_120' title='bbox 1184 2005 1515 2087; x_wconf 88' lang='lat' dir='ltr'>publicam</span> <span class='ocrx_word' id='word_1_121' title='bbox 1534 2010 1805 2068; x_wconf 87' lang='lat' dir='ltr'>stratam</span> <span class='ocrx_word' id='word_1_122' title='bbox 1826 2002 1998 2085; x_wconf 91' lang='lat' dir='ltr'>quod</span> <span class='ocrx_word' id='word_1_123' title='bbox 2021 2001 2148 2065; x_wconf 81' lang='lat' dir='ltr'>fuit</span> <span class='ocrx_word' id='word_1_124' title='bbox 2165 2001 2640 2065; x_wconf 87' lang='lat' dir='ltr'>emendandum</span> <span class='ocrx_word' id='word_1_125' title='bbox 2661 2007 2957 2083; x_wconf 73' lang='lat' dir='ltr'>tempore</span> 
     </span>
     <span class='ocr_line' id='line_1_15' title="bbox 670 2099 2957 2184; baseline 0.001 -21"><span class='ocrx_word' id='word_1_126' title='bbox 670 2122 797 2184; x_wconf 93' lang='lat' dir='ltr'>quo</span> <span class='ocrx_word' id='word_1_127' title='bbox 816 2101 989 2165; x_wconf 87' lang='lat' dir='ltr'>facta</span> <span class='ocrx_word' id='word_1_128' title='bbox 1008 2102 1137 2165; x_wconf 87' lang='lat' dir='ltr'>fuit</span> <span class='ocrx_word' id='word_1_129' title='bbox 1153 2102 1292 2165; x_wconf 83' lang='lat' dir='ltr'>haec</span> <span class='ocrx_word' id='word_1_130' title='bbox 1315 2102 1675 2165; x_wconf 77' lang='lat' dir='ltr'>conventio,</span> <span class='ocrx_word' id='word_1_131' title='bbox 1734 2101 1887 2164; x_wconf 88' lang='lat' dir='ltr'>Hiis</span> <span class='ocrx_word' id='word_1_132' title='bbox 1909 2101 2202 2165; x_wconf 86' lang='lat' dir='ltr'>testibus.</span> <span class='ocrx_word' id='word_1_133' title='bbox 2259 2100 2546 2164; x_wconf 87' lang='lat' dir='ltr'>Waltero</span> <span class='ocrx_word' id='word_1_134' title='bbox 2564 2099 2646 2163; x_wconf 94' lang='lat' dir='ltr'>de</span> <span class='ocrx_word' id='word_1_135' title='bbox 2665 2099 2957 2183; x_wconf 84' lang='lat' dir='ltr'>Chancy.</span> 
     </span>
     <span class='ocr_line' id='line_1_16' title="bbox 668 2198 2956 2282; baseline 0 -20"><span class='ocrx_word' id='word_1_136' title='bbox 668 2200 957 2264; x_wconf 89' lang='lat' dir='ltr'>Waltero</span> <span class='ocrx_word' id='word_1_137' title='bbox 1001 2200 1082 2264; x_wconf 89' lang='lat' dir='ltr'>de</span> <span class='ocrx_word' id='word_1_138' title='bbox 1130 2201 1398 2264; x_wconf 88' lang='lat' dir='ltr'>Katton.</span> <span class='ocrx_word' id='word_1_139' title='bbox 1488 2201 1768 2263; x_wconf 86' lang='lat' dir='ltr'>Roberto</span> <span class='ocrx_word' id='word_1_140' title='bbox 1829 2200 2118 2264; x_wconf 89' lang='lat' dir='ltr'>Murdac.</span> <span class='ocrx_word' id='word_1_141' title='bbox 2209 2199 2488 2263; x_wconf 87' lang='lat' dir='ltr'>Roberto</span> <span class='ocrx_word' id='word_1_142' title='bbox 2530 2198 2612 2262; x_wconf 90' lang='lat' dir='ltr'>de</span> <span class='ocrx_word' id='word_1_143' title='bbox 2664 2199 2956 2282; x_wconf 81' lang='lat' dir='ltr'>Chancy.</span> 
     </span>
     <span class='ocr_line' id='line_1_17' title="bbox 665 2298 2955 2382; baseline -0.001 -18"><span class='ocrx_word' id='word_1_144' title='bbox 665 2298 999 2364; x_wconf 89' lang='lat' dir='ltr'>Willelmo</span> <span class='ocrx_word' id='word_1_145' title='bbox 1057 2299 1138 2363; x_wconf 92' lang='lat' dir='ltr'>de</span> <span class='ocrx_word' id='word_1_146' title='bbox 1192 2299 1645 2382; x_wconf 81' lang='lat' dir='ltr'>Barkesthorp.</span> <span class='ocrx_word' id='word_1_147' title='bbox 1737 2299 2018 2363; x_wconf 81' lang='lat' dir='ltr'>Radulfo</span> <span class='ocrx_word' id='word_1_148' title='bbox 2080 2298 2359 2364; x_wconf 89' lang='lat' dir='ltr'>Burdon.</span> <span class='ocrx_word' id='word_1_149' title='bbox 2450 2299 2641 2363; x_wconf 88' lang='lat' dir='ltr'>Petro</span> <span class='ocrx_word' id='word_1_150' title='bbox 2694 2299 2955 2362; x_wconf 75' lang='lat' dir='ltr'>Breton.</span> 
     </span>
     <span class='ocr_line' id='line_1_18' title="bbox 673 2396 2956 2482; baseline 0 -20"><span class='ocrx_word' id='word_1_151' title='bbox 673 2397 878 2482; x_wconf 63' lang='lat' dir='ltr'>(123b)</span> <span class='ocrx_word' id='word_1_152' title='bbox 970 2398 1302 2464; x_wconf 89' lang='lat' dir='ltr'>Willelmo</span> <span class='ocrx_word' id='word_1_153' title='bbox 1333 2397 1412 2463; x_wconf 91' lang='lat' dir='ltr'>de</span> <span class='ocrx_word' id='word_1_154' title='bbox 1443 2398 1716 2475; x_wconf 83' lang='lat' dir='ltr'>Foxton,</span> <span class='ocrx_word' id='word_1_155' title='bbox 1744 2403 1903 2462; x_wconf 89' lang='lat' dir='ltr'>tunc</span> <span class='ocrx_word' id='word_1_156' title='bbox 1933 2397 2298 2462; x_wconf 85' lang='lat' dir='ltr'>Senesoallo</span> <span class='ocrx_word' id='word_1_157' title='bbox 2327 2398 2642 2477; x_wconf 75' lang='lat' dir='ltr'>Abbatis5</span> <span class='ocrx_word' id='word_1_158' title='bbox 2690 2403 2759 2462; x_wconf 90' lang='lat' dir='ltr'>et</span> <span class='ocrx_word' id='word_1_159' title='bbox 2785 2396 2956 2462; x_wconf 77' lang='lat' dir='ltr'>aliis,</span> 
     </span>
    </p>
   </div>
   <div class='ocr_carea' id='block_1_3' title="bbox 1228 2562 2398 2629">
    <p class='ocr_par' dir='ltr' id='par_1_3' title="bbox 1228 2562 2398 2629">
     <span class='ocr_line' id='line_1_19' title="bbox 1228 2562 2398 2629; baseline -0.003 -2"><span class='ocrx_word' id='word_1_160' title='bbox 1228 2562 1597 2629; x_wconf 85' lang='lat' dir='ltr'>CCCLXX.</span> <span class='ocrx_word' id='word_1_161' title='bbox 1644 2562 1814 2626; x_wconf 72' lang='lat' dir='ltr'>Am</span> <span class='ocrx_word' id='word_1_162' title='bbox 1850 2578 1936 2624; x_wconf 83' lang='lat' dir='ltr'>DE</span> <span class='ocrx_word' id='word_1_163' title='bbox 1968 2562 2398 2627; x_wconf 76' lang='lat' dir='ltr'>SCRIPENBEK.</span> 
     </span>
    </p>
   </div>
   <div class='ocr_carea' id='block_1_4' title="bbox 672 2686 2959 2870">
    <p class='ocr_par' dir='ltr' id='par_1_4' title="bbox 672 2686 2959 2870">
     <span class='ocr_line' id='line_1_20' title="bbox 762 2686 2959 2770; baseline -0 -19"><span class='ocrx_word' id='word_1_164' title='bbox 762 2687 1098 2751; x_wconf 84' lang='lat' dir='ltr'>Universis</span> <span class='ocrx_word' id='word_1_165' title='bbox 1156 2688 1217 2752; x_wconf 82' lang='lat' dir='ltr'>S.</span> <span class='ocrx_word' id='word_1_166' title='bbox 1278 2689 1371 2752; x_wconf 91' lang='lat' dir='ltr'>M.</span> <span class='ocrx_word' id='word_1_167' title='bbox 1432 2687 1600 2752; x_wconf 89' lang='lat' dir='ltr'>Eccl.</span> <span class='ocrx_word' id='word_1_168' title='bbox 1654 2686 1825 2765; x_wconf 84' lang='lat' dir='ltr'>filiis,</span> <span class='ocrx_word' id='word_1_169' title='bbox 1877 2694 2013 2750; x_wconf 91' lang='lat' dir='ltr'>tam</span> <span class='ocrx_word' id='word_1_170' title='bbox 2069 2707 2163 2769; x_wconf 91' lang='lat' dir='ltr'>pr.</span> <span class='ocrx_word' id='word_1_171' title='bbox 2216 2707 2414 2770; x_wconf 86' lang='lat' dir='ltr'>quam</span> <span class='ocrx_word' id='word_1_172' title='bbox 2473 2686 2609 2764; x_wconf 69' lang='lat' dir='ltr'>fut„</span> <span class='ocrx_word' id='word_1_173' title='bbox 2668 2686 2959 2750; x_wconf 85' lang='lat' dir='ltr'>Michael</span> 
     </span>
     <span class='ocr_line' id='line_1_21' title="bbox 672 2784 2956 2870; baseline -0.001 -19"><span class='ocrx_word' id='word_1_174' title='bbox 672 2787 984 2852; x_wconf 86' lang='lat' dir='ltr'>Norensis</span> <span class='ocrx_word' id='word_1_175' title='bbox 1015 2787 1094 2851; x_wconf 93' lang='lat' dir='ltr'>de</span> <span class='ocrx_word' id='word_1_176' title='bbox 1126 2787 1559 2870; x_wconf 86' lang='lat' dir='ltr'>Scyrpenbek,</span> <span class='ocrx_word' id='word_1_177' title='bbox 1588 2787 1882 2852; x_wconf 88' lang='lat' dir='ltr'>salutem.</span> <span class='ocrx_word' id='word_1_178' title='bbox 1973 2786 2245 2850; x_wconf 86' lang='lat' dir='ltr'>Noverit</span> <span class='ocrx_word' id='word_1_179' title='bbox 2276 2785 2424 2869; x_wconf 74' lang='lat' dir='ltr'>[etc.,</span> <span class='ocrx_word' id='word_1_180' title='bbox 2443 2806 2514 2849; x_wconf 74' lang='lat' dir='ltr'>as</span> <span class='ocrx_word' id='word_1_181' title='bbox 2540 2787 2618 2849; x_wconf 78' lang='lat' dir='ltr'>in</span> <span class='ocrx_word' id='word_1_182' title='bbox 2645 2786 2763 2849; x_wconf 80' lang='lat' dir='ltr'>No,</span> <span class='ocrx_word' id='word_1_183' title='bbox 2799 2784 2956 2870; x_wconf 60' lang='grc'><strong>50].5*</strong></span> 
     </span>
    </p>
   </div>
   <div class='ocr_carea' id='block_1_5' title="bbox 1213 2948 2421 3014">
    <p class='ocr_par' dir='ltr' id='par_1_5' title="bbox 1213 2948 2421 3014">
     <span class='ocr_line' id='line_1_22' title="bbox 1213 2948 2421 3014; baseline -0.002 0"><span class='ocrx_word' id='word_1_184' title='bbox 1213 2948 1622 3014; x_wconf 87' lang='lat' dir='ltr'>CCCLXXI.</span> <span class='ocrx_word' id='word_1_185' title='bbox 1670 2949 1845 3012; x_wconf 76' lang='lat' dir='ltr'><strong>ALIA</strong></span> <span class='ocrx_word' id='word_1_186' title='bbox 1874 2965 1960 3011; x_wconf 76' lang='lat' dir='ltr'>DE:</span> <span class='ocrx_word' id='word_1_187' title='bbox 1993 2948 2421 3012; x_wconf 61' lang='lat' dir='ltr'>sommam.</span> 
     </span>
    </p>
   </div>
   <div class='ocr_carea' id='block_1_6' title="bbox 675 3072 2960 4422">
    <p class='ocr_par' dir='ltr' id='par_1_6' title="bbox 675 3072 2960 3657">
     <span class='ocr_line' id='line_1_23' title="bbox 763 3072 2958 3158; baseline 0 -20"><span class='ocrx_word' id='word_1_188' title='bbox 763 3073 1146 3139; x_wconf 86' lang='lat' dir='ltr'>Reverendo</span> <span class='ocrx_word' id='word_1_189' title='bbox 1188 3074 1452 3139; x_wconf 90' lang='lat' dir='ltr'>domino</span> <span class='ocrx_word' id='word_1_190' title='bbox 1482 3081 1548 3138; x_wconf 93' lang='lat' dir='ltr'>et</span> <span class='ocrx_word' id='word_1_191' title='bbox 1583 3075 1751 3158; x_wconf 88' lang='lat' dir='ltr'>patri</span> <span class='ocrx_word' id='word_1_192' title='bbox 1796 3074 1869 3138; x_wconf 91' lang='lat' dir='ltr'>in</span> <span class='ocrx_word' id='word_1_193' title='bbox 1914 3074 2170 3139; x_wconf 87' lang='lat' dir='ltr'>Christo</span> <span class='ocrx_word' id='word_1_194' title='bbox 2200 3074 2286 3137; x_wconf 93' lang='lat' dir='ltr'>W</span> <span class='ocrx_word' id='word_1_195' title='bbox 2332 3124 2345 3138; x_wconf 92' lang='lat'><strong>.</strong></span> <span class='ocrx_word' id='word_1_196' title='bbox 2390 3125 2402 3138; x_wconf 90' lang='lat'><strong>.</strong></span> <span class='ocrx_word' id='word_1_197' title='bbox 2453 3072 2497 3139; x_wconf 79' lang='lat'>‚⁸</span> <span class='ocrx_word' id='word_1_198' title='bbox 2542 3075 2623 3138; x_wconf 89' lang='lat' dir='ltr'>D.</span> <span class='ocrx_word' id='word_1_199' title='bbox 2656 3073 2735 3139; x_wconf 88' lang='lat' dir='ltr'>G.</span> <span class='ocrx_word' id='word_1_200' title='bbox 2766 3073 2958 3138; x_wconf 85' lang='lat' dir='ltr'>Ebor.</span> 
     </span>
     <span class='ocr_line' id='line_1_24' title="bbox 675 3172 2957 3258; baseline 0 -22"><span class='ocrx_word' id='word_1_201' title='bbox 675 3173 1199 3257; x_wconf 87' lang='lat' dir='ltr'>Archiepiscop0‚</span> <span class='ocrx_word' id='word_1_202' title='bbox 1228 3173 1482 3258; x_wconf 85' lang='lat' dir='ltr'>Angliae</span> <span class='ocrx_word' id='word_1_203' title='bbox 1524 3174 1814 3250; x_wconf 89' lang='lat' dir='ltr'>Primati‚</span> <span class='ocrx_word' id='word_1_204' title='bbox 1859 3174 1994 3238; x_wconf 89' lang='lat' dir='ltr'>suis</span> <span class='ocrx_word' id='word_1_205' title='bbox 2038 3174 2310 3238; x_wconf 83' lang='lat' dir='ltr'>devotus</span> <span class='ocrx_word' id='word_1_206' title='bbox 2355 3174 2415 3237; x_wconf 83' lang='lat' dir='ltr'>R</span> <span class='ocrx_word' id='word_1_207' title='bbox 2459 3225 2471 3238; x_wconf 93' lang='lat'><strong>.</strong></span> <span class='ocrx_word' id='word_1_208' title='bbox 2520 3224 2533 3238; x_wconf 91' lang='lat'><strong>.</strong></span> <span class='ocrx_word' id='word_1_209' title='bbox 2581 3224 2594 3237; x_wconf 94' lang='lat'><strong>.</strong></span> <span class='ocrx_word' id='word_1_210' title='bbox 2642 3172 2957 3237; x_wconf 88' lang='lat' dir='ltr'>Officialis</span> 
     </span>
     <span class='ocr_line' id='line_1_25' title="bbox 675 3272 2960 3358; baseline 0.001 -23"><span class='ocrx_word' id='word_1_211' title='bbox 675 3272 1139 3338; x_wconf 87' lang='lat' dir='ltr'>Archidiaconi</span> <span class='ocrx_word' id='word_1_212' title='bbox 1169 3273 1556 3358; x_wconf 87' lang='lat' dir='ltr'>Estridinge‚</span> <span class='ocrx_word' id='word_1_213' title='bbox 1576 3274 1883 3349; x_wconf 79' lang='lat' dir='ltr'>salutem,</span> <span class='ocrx_word' id='word_1_214' title='bbox 1913 3295 2063 3338; x_wconf 90' lang='lat' dir='ltr'>cum</span> <span class='ocrx_word' id='word_1_215' title='bbox 2106 3275 2475 3340; x_wconf 86' lang='lat' dir='ltr'>omnimoda</span> <span class='ocrx_word' id='word_1_216' title='bbox 2503 3275 2866 3338; x_wconf 85' lang='lat' dir='ltr'>reverentia</span> <span class='ocrx_word' id='word_1_217' title='bbox 2893 3280 2960 3339; x_wconf 88' lang='lat' dir='ltr'>et</span> 
     </span>
     <span class='ocr_line' id='line_1_26' title="bbox 675 3372 2958 3458; baseline 0.002 -24"><span class='ocrx_word' id='word_1_218' title='bbox 675 3372 1045 3436; x_wconf 88' lang='lat' dir='ltr'>obedientia</span> <span class='ocrx_word' id='word_1_219' title='bbox 1096 3373 1331 3437; x_wconf 88' lang='lat' dir='ltr'>debitis</span> <span class='ocrx_word' id='word_1_220' title='bbox 1384 3379 1569 3438; x_wconf 89' lang='lat' dir='ltr'>tanto</span> <span class='ocrx_word' id='word_1_221' title='bbox 1621 3374 1809 3457; x_wconf 84' lang='lat' dir='ltr'>patri.</span> <span class='ocrx_word' id='word_1_222' title='bbox 1922 3374 2120 3438; x_wconf 87' lang='lat' dir='ltr'>Facta</span> <span class='ocrx_word' id='word_1_223' title='bbox 2169 3374 2588 3458; x_wconf 87' lang='lat' dir='ltr'>inquisitione</span> <span class='ocrx_word' id='word_1_224' title='bbox 2640 3374 2710 3437; x_wconf 93' lang='lat' dir='ltr'>in</span> <span class='ocrx_word' id='word_1_225' title='bbox 2766 3374 2958 3457; x_wconf 90' lang='lat' dir='ltr'>pleno</span> 
     </span>
     <span class='ocr_line' id='line_1_27' title="bbox 677 3470 2958 3558; baseline 0.001 -23"><span class='ocrx_word' id='word_1_226' title='bbox 677 3470 981 3552; x_wconf 83' lang='lat' dir='ltr'>Capitulo</span> <span class='ocrx_word' id='word_1_227' title='bbox 1011 3471 1092 3535; x_wconf 92' lang='lat' dir='ltr'>de</span> <span class='ocrx_word' id='word_1_228' title='bbox 1122 3471 1415 3549; x_wconf 78' lang='lat' dir='ltr'>BuctroS,</span> <span class='ocrx_word' id='word_1_229' title='bbox 1446 3474 1638 3536; x_wconf 91' lang='lat' dir='ltr'>tertio</span> <span class='ocrx_word' id='word_1_230' title='bbox 1670 3494 1873 3537; x_wconf 89' lang='lat' dir='ltr'>nonas</span> <span class='ocrx_word' id='word_1_231' title='bbox 1902 3472 2297 3550; x_wconf 89' lang='lat' dir='ltr'>Decembris,</span> <span class='ocrx_word' id='word_1_232' title='bbox 2331 3472 2503 3556; x_wconf 85' lang='lat' dir='ltr'>apud</span> <span class='ocrx_word' id='word_1_233' title='bbox 2534 3473 2958 3558; x_wconf 86' lang='lat' dir='ltr'>Soraingham</span> 
     </span>
     <span class='ocr_line' id='line_1_28' title="bbox 675 3572 2957 3657; baseline 0.002 -25"><span class='ocrx_word' id='word_1_234' title='bbox 675 3575 1072 3652; x_wconf 68' lang='lat' dir='ltr'>congregem,</span> <span class='ocrx_word' id='word_1_235' title='bbox 1102 3576 1295 3652; x_wconf 90' lang='lat' dir='ltr'>prout</span> <span class='ocrx_word' id='word_1_236' title='bbox 1341 3572 1632 3635; x_wconf 86' lang='lat' dir='ltr'>mandati</span> <span class='ocrx_word' id='word_1_237' title='bbox 1664 3573 1864 3637; x_wconf 86' lang='lat' dir='ltr'>vestri</span> <span class='ocrx_word' id='word_1_238' title='bbox 1893 3572 2085 3637; x_wconf 88' lang='lat' dir='ltr'>series</span> <span class='ocrx_word' id='word_1_239' title='bbox 2115 3573 2501 3650; x_wconf 86' lang='lat' dir='ltr'>continebat,</span> <span class='ocrx_word' id='word_1_240' title='bbox 2532 3593 2725 3657; x_wconf 89' lang='lat' dir='ltr'>super</span> <span class='ocrx_word' id='word_1_241' title='bbox 2754 3573 2957 3638; x_wconf 87' lang='lat' dir='ltr'>eccle-</span> 
     </span>
    </p>

    <p class='ocr_par' dir='ltr' id='par_1_7' title="bbox 746 3689 874 3742">
     <span class='ocr_line' id='line_1_29' title="bbox 746 3689 874 3742; baseline 0 0"><span class='ocrx_word' id='word_1_242' title='bbox 746 3689 764 3723; x_wconf 90' lang='lat'>¹</span> <span class='ocrx_word' id='word_1_243' title='bbox 800 3707 874 3742; x_wconf 74' lang='lat' dir='ltr'>ex.</span> 
     </span>
    </p>

    <p class='ocr_par' dir='ltr' id='par_1_8' title="bbox 675 3772 2960 4255">
     <span class='ocr_line' id='line_1_30' title="bbox 747 3772 2958 3832; baseline 0.003 -7"><span class='ocrx_word' id='word_1_244' title='bbox 747 3772 770 3807; x_wconf 82' lang='lat'><strong>²</strong></span> <span class='ocrx_word' id='word_1_245' title='bbox 804 3775 974 3826; x_wconf 85' lang='lat' dir='ltr'>There</span> <span class='ocrx_word' id='word_1_246' title='bbox 1016 3775 1061 3826; x_wconf 86' lang='lat' dir='ltr'>is</span> <span class='ocrx_word' id='word_1_247' title='bbox 1104 3791 1136 3827; x_wconf 75' lang='lat' dir='ltr'>a</span> <span class='ocrx_word' id='word_1_248' title='bbox 1174 3775 1318 3828; x_wconf 83' lang='lat' dir='ltr'>little</span> <span class='ocrx_word' id='word_1_249' title='bbox 1353 3776 1641 3830; x_wconf 75' lang='lat' dir='ltr'>differ-enee</span> <span class='ocrx_word' id='word_1_250' title='bbox 1675 3780 1733 3830; x_wconf 91' lang='lat' dir='ltr'>in</span> <span class='ocrx_word' id='word_1_251' title='bbox 1768 3779 1863 3831; x_wconf 87' lang='lat' dir='ltr'>the</span> <span class='ocrx_word' id='word_1_252' title='bbox 1899 3780 2057 3831; x_wconf 87' lang='lat' dir='ltr'>order</span> <span class='ocrx_word' id='word_1_253' title='bbox 2088 3780 2145 3832; x_wconf 75' lang='lat' dir='ltr'>oi</span> <span class='ocrx_word' id='word_1_254' title='bbox 2181 3780 2276 3832; x_wconf 82' lang='lat' dir='ltr'>the</span> <span class='ocrx_word' id='word_1_255' title='bbox 2318 3781 2592 3832; x_wconf 77' lang='lat' dir='ltr'>witnesses</span> <span class='ocrx_word' id='word_1_256' title='bbox 2627 3780 2735 3830; x_wconf 84' lang='lat' dir='ltr'>and</span> <span class='ocrx_word' id='word_1_257' title='bbox 2770 3781 2828 3831; x_wconf 85' lang='lat' dir='ltr'>in</span> <span class='ocrx_word' id='word_1_258' title='bbox 2864 3781 2958 3832; x_wconf 80' lang='lat' dir='ltr'>the</span> 
     </span>
     <span class='ocr_line' id='line_1_31' title="bbox 675 3858 2960 3930; baseline 0.002 -20"><span class='ocrx_word' id='word_1_259' title='bbox 675 3859 915 3927; x_wconf 85' lang='lat' dir='ltr'>spelling,</span> <span class='ocrx_word' id='word_1_260' title='bbox 942 3875 1000 3910; x_wconf 76' lang='lat' dir='ltr'>as</span> <span class='ocrx_word' id='word_1_261' title='bbox 1024 3858 1134 3910; x_wconf 84' lang='lat' dir='ltr'>will</span> <span class='ocrx_word' id='word_1_262' title='bbox 1158 3859 1225 3910; x_wconf 88' lang='lat' dir='ltr'>be</span> <span class='ocrx_word' id='word_1_263' title='bbox 1250 3876 1374 3911; x_wconf 85' lang='lat' dir='ltr'>seen</span> <span class='ocrx_word' id='word_1_264' title='bbox 1398 3878 1464 3911; x_wconf 92' lang='lat' dir='ltr'>on</span> <span class='ocrx_word' id='word_1_265' title='bbox 1490 3861 1712 3929; x_wconf 82' lang='lat' dir='ltr'>looking</span> <span class='ocrx_word' id='word_1_266' title='bbox 1733 3879 1860 3915; x_wconf 86' lang='lat' dir='ltr'>over</span> <span class='ocrx_word' id='word_1_267' title='bbox 1882 3863 1978 3915; x_wconf 85' lang='lat' dir='ltr'>the</span> <span class='ocrx_word' id='word_1_268' title='bbox 2001 3868 2214 3929; x_wconf 84' lang='lat' dir='ltr'>present</span> <span class='ocrx_word' id='word_1_269' title='bbox 2235 3863 2344 3925; x_wconf 80' lang='lat' dir='ltr'>list,</span> <span class='ocrx_word' id='word_1_270' title='bbox 2370 3863 2545 3915; x_wconf 78' lang='lat' dir='ltr'>which</span> <span class='ocrx_word' id='word_1_271' title='bbox 2569 3863 2755 3930; x_wconf 80' lang='lat' dir='ltr'>begins</span> <span class='ocrx_word' id='word_1_272' title='bbox 2780 3879 2839 3914; x_wconf 79' lang='lat' dir='ltr'>as</span> <span class='ocrx_word' id='word_1_273' title='bbox 2862 3863 2960 3915; x_wconf 86' lang='lat' dir='ltr'>the</span> 
     </span>
     <span class='ocr_line' id='line_1_32' title="bbox 676 3942 2956 4011; baseline 0.001 -17"><span class='ocrx_word' id='word_1_274' title='bbox 676 3944 872 3995; x_wconf 80' lang='lat' dir='ltr'>former</span> <span class='ocrx_word' id='word_1_275' title='bbox 894 3959 993 3994; x_wconf 88' lang='lat' dir='ltr'>one</span> <span class='ocrx_word' id='word_1_276' title='bbox 1016 3942 1145 3993; x_wconf 81' lang='lat' dir='ltr'>does</span> <span class='ocrx_word' id='word_1_277' title='bbox 1179 3942 1313 3995; x_wconf 81' lang='lat' dir='ltr'>with</span> <span class='ocrx_word' id='word_1_278' title='bbox 1337 3944 1547 3996; x_wconf 75' lang='lat' dir='ltr'>Walter</span> <span class='ocrx_word' id='word_1_279' title='bbox 1580 3945 1648 3996; x_wconf 87' lang='lat' dir='ltr'>de</span> <span class='ocrx_word' id='word_1_280' title='bbox 1683 3945 1903 4011; x_wconf 85' lang='lat' dir='ltr'>Chancy</span> <span class='ocrx_word' id='word_1_281' title='bbox 1928 3946 2108 4008; x_wconf 85' lang='lat' dir='ltr'>(Canci</span> <span class='ocrx_word' id='word_1_282' title='bbox 2131 3947 2186 3997; x_wconf 88' lang='lat' dir='ltr'>in</span> <span class='ocrx_word' id='word_1_283' title='bbox 2211 3946 2309 3998; x_wconf 86' lang='lat' dir='ltr'>No.</span> <span class='ocrx_word' id='word_1_284' title='bbox 2337 3947 2427 4009; x_wconf 83' lang='lat'>50)</span> <span class='ocrx_word' id='word_1_285' title='bbox 2453 3946 2562 3996; x_wconf 84' lang='lat' dir='ltr'>and</span> <span class='ocrx_word' id='word_1_286' title='bbox 2596 3946 2845 4011; x_wconf 79' lang='lat' dir='ltr'>proceeds</span> <span class='ocrx_word' id='word_1_287' title='bbox 2869 3965 2956 3996; x_wconf 82' lang='lat'>:—</span> 
     </span>
     <span class='ocr_line' id='line_1_33' title="bbox 677 4025 2960 4095; baseline 0.001 -18"><span class='ocrx_word' id='word_1_288' title='bbox 677 4027 913 4078; x_wconf 87' lang='lat' dir='ltr'>Roberto</span> <span class='ocrx_word' id='word_1_289' title='bbox 960 4025 1198 4078; x_wconf 79' lang='lat' dir='ltr'>Murdac.</span> <span class='ocrx_word' id='word_1_290' title='bbox 1290 4027 1496 4095; x_wconf 85' lang='lat' dir='ltr'>Rogero</span> <span class='ocrx_word' id='word_1_291' title='bbox 1538 4028 1770 4094; x_wconf 76' lang='lat' dir='ltr'>chancy.</span> <span class='ocrx_word' id='word_1_292' title='bbox 1862 4028 2103 4080; x_wconf 73' lang='lat' dir='ltr'>Walter-o</span> <span class='ocrx_word' id='word_1_293' title='bbox 2143 4029 2209 4081; x_wconf 89' lang='lat' dir='ltr'>de</span> <span class='ocrx_word' id='word_1_294' title='bbox 2250 4030 2494 4081; x_wconf 84' lang='lat' dir='ltr'>Cattona.</span> <span class='ocrx_word' id='word_1_295' title='bbox 2586 4028 2853 4080; x_wconf 81' lang='lat' dir='ltr'>willelmo</span> <span class='ocrx_word' id='word_1_296' title='bbox 2890 4029 2960 4080; x_wconf 89' lang='lat' dir='ltr'>de</span> 
     </span>
     <span class='ocr_line' id='line_1_34' title="bbox 678 4110 2959 4172; baseline 0 -12"><span class='ocrx_word' id='word_1_297' title='bbox 678 4110 1022 4164; x_wconf 76' lang='lat' dir='ltr'>Barkeetona,</span> <span class='ocrx_word' id='word_1_298' title='bbox 1120 4110 1354 4162; x_wconf 74' lang='lat' dir='ltr'>Radulfo</span> <span class='ocrx_word' id='word_1_299' title='bbox 1402 4112 1634 4165; x_wconf 87' lang='lat' dir='ltr'>Burdon.</span> <span class='ocrx_word' id='word_1_300' title='bbox 1733 4111 2003 4163; x_wconf 86' lang='lat' dir='ltr'>Willelmo</span> <span class='ocrx_word' id='word_1_301' title='bbox 2050 4112 2118 4165; x_wconf 82' lang='lat' dir='ltr'>de</span> <span class='ocrx_word' id='word_1_302' title='bbox 2172 4112 2429 4172; x_wconf 80' lang='lat' dir='ltr'>Foxtona,</span> <span class='ocrx_word' id='word_1_303' title='bbox 2481 4116 2613 4163; x_wconf 77' lang='lat' dir='ltr'>tuno</span> <span class='ocrx_word' id='word_1_304' title='bbox 2659 4111 2959 4164; x_wconf 77' lang='lat' dir='ltr'>Seneacallo</span> 
     </span>
     <span class='ocr_line' id='line_1_35' title="bbox 677 4192 2468 4255; baseline 0.001 -11"><span class='ocrx_word' id='word_1_305' title='bbox 677 4192 921 4246; x_wconf 78' lang='lat' dir='ltr'>Abbatis.</span> <span class='ocrx_word' id='word_1_306' title='bbox 998 4194 1159 4245; x_wconf 87' lang='lat' dir='ltr'>Petro</span> <span class='ocrx_word' id='word_1_307' title='bbox 1182 4193 1381 4246; x_wconf 86' lang='lat' dir='ltr'>Breton</span> <span class='ocrx_word' id='word_1_308' title='bbox 1406 4213 1421 4255; x_wconf 68' lang='grc' dir='ltr'>ς</span> <span class='ocrx_word' id='word_1_309' title='bbox 1456 4198 1512 4245; x_wconf 89' lang='lat' dir='ltr'>et</span> <span class='ocrx_word' id='word_1_310' title='bbox 1536 4194 1669 4246; x_wconf 78' lang='lat' dir='ltr'>aliis.</span> <span class='ocrx_word' id='word_1_311' title='bbox 1743 4195 1840 4246; x_wconf 83' lang='lat' dir='ltr'>See</span> <span class='ocrx_word' id='word_1_312' title='bbox 1865 4198 1991 4247; x_wconf 84' lang='lat' dir='ltr'>note</span> <span class='ocrx_word' id='word_1_313' title='bbox 2014 4198 2074 4246; x_wconf 81' lang='lat' dir='ltr'>to</span> <span class='ocrx_word' id='word_1_314' title='bbox 2098 4195 2204 4246; x_wconf 78' lang='lat' dir='ltr'>last</span> <span class='ocrx_word' id='word_1_315' title='bbox 2230 4195 2468 4247; x_wconf 75' lang='lat' dir='ltr'>Charter.</span> 
     </span>
    </p>

    <p class='ocr_par' dir='ltr' id='par_1_9' title="bbox 677 4274 2959 4422">
     <span class='ocr_line' id='line_1_36' title="bbox 747 4274 2959 4343; baseline 0.001 -18"><span class='ocrx_word' id='word_1_316' title='bbox 747 4274 771 4309; x_wconf 78' lang='lat'>³</span> <span class='ocrx_word' id='word_1_317' title='bbox 805 4276 906 4328; x_wconf 86' lang='lat' dir='ltr'>No.</span> <span class='ocrx_word' id='word_1_318' title='bbox 934 4277 1054 4340; x_wconf 80' lang='lat'><strong>367,</strong></span> <span class='ocrx_word' id='word_1_319' title='bbox 1083 4276 1244 4328; x_wconf 86' lang='lat' dir='ltr'>dated</span> <span class='ocrx_word' id='word_1_320' title='bbox 1280 4277 1337 4328; x_wconf 90' lang='lat' dir='ltr'>in</span> <span class='ocrx_word' id='word_1_321' title='bbox 1366 4279 1519 4341; x_wconf 78' lang='lat'><strong>1270,</strong></span> <span class='ocrx_word' id='word_1_322' title='bbox 1546 4278 1730 4329; x_wconf 79' lang='lat' dir='ltr'>makes</span> <span class='ocrx_word' id='word_1_323' title='bbox 1753 4277 1799 4329; x_wconf 89' lang='lat' dir='ltr'>it</span> <span class='ocrx_word' id='word_1_324' title='bbox 1823 4278 2027 4330; x_wconf 77' lang='lat' dir='ltr'>certain</span> <span class='ocrx_word' id='word_1_325' title='bbox 2061 4278 2187 4330; x_wconf 79' lang='lat' dir='ltr'>that</span> <span class='ocrx_word' id='word_1_326' title='bbox 2209 4277 2303 4328; x_wconf 88' lang='lat' dir='ltr'>the</span> <span class='ocrx_word' id='word_1_327' title='bbox 2337 4281 2556 4343; x_wconf 77' lang='lat' dir='ltr'>present</span> <span class='ocrx_word' id='word_1_328' title='bbox 2589 4276 2724 4327; x_wconf 83' lang='lat' dir='ltr'>deed</span> <span class='ocrx_word' id='word_1_329' title='bbox 2748 4277 2797 4328; x_wconf 78' lang='lat' dir='ltr'>is</span> <span class='ocrx_word' id='word_1_330' title='bbox 2832 4278 2890 4327; x_wconf 83' lang='lat' dir='ltr'>of</span> <span class='ocrx_word' id='word_1_331' title='bbox 2926 4294 2959 4328; x_wconf 83' lang='lat' dir='ltr'>a</span> 
     </span>
     <span class='ocr_line' id='line_1_37' title="bbox 677 4358 2956 4422; baseline 0.001 -13"><span class='ocrx_word' id='word_1_332' title='bbox 677 4358 790 4409; x_wconf 79' lang='lat' dir='ltr'>still</span> <span class='ocrx_word' id='word_1_333' title='bbox 824 4359 963 4410; x_wconf 82' lang='lat' dir='ltr'>later</span> <span class='ocrx_word' id='word_1_334' title='bbox 997 4360 1138 4422; x_wconf 83' lang='lat' dir='ltr'>date,</span> <span class='ocrx_word' id='word_1_335' title='bbox 1164 4360 1266 4410; x_wconf 87' lang='lat' dir='ltr'>but</span> <span class='ocrx_word' id='word_1_336' title='bbox 1302 4360 1548 4412; x_wconf 84' lang='lat' dir='ltr'>whether</span> <span class='ocrx_word' id='word_1_337' title='bbox 1583 4361 1678 4413; x_wconf 84' lang='lat' dir='ltr'>the</span> <span class='ocrx_word' id='word_1_338' title='bbox 1702 4360 1788 4411; x_wconf 85' lang='lat' dir='ltr'>W.</span> <span class='ocrx_word' id='word_1_339' title='bbox 1818 4360 1943 4412; x_wconf 85' lang='lat' dir='ltr'>here</span> <span class='ocrx_word' id='word_1_340' title='bbox 1977 4360 2165 4412; x_wconf 80' lang='lat' dir='ltr'>stands</span> <span class='ocrx_word' id='word_1_341' title='bbox 2200 4361 2284 4410; x_wconf 79' lang='lat' dir='ltr'>for</span> <span class='ocrx_word' id='word_1_342' title='bbox 2306 4360 2515 4411; x_wconf 81' lang='lat' dir='ltr'>Walter</span> <span class='ocrx_word' id='word_1_343' title='bbox 2551 4376 2611 4411; x_wconf 89' lang='lat' dir='ltr'>or</span> <span class='ocrx_word' id='word_1_344' title='bbox 2634 4360 2874 4410; x_wconf 69' lang='lat' dir='ltr'>william</span> <span class='ocrx_word' id='word_1_345' title='bbox 2911 4361 2956 4411; x_wconf 86' lang='lat' dir='ltr'>is</span> 
     </span>
    </p>
   </div>
   <div class='ocr_carea' id='block_1_7' title="bbox 676 4441 2957 4508">
    <p class='ocr_par' dir='ltr' id='par_1_10' title="bbox 676 4441 2957 4508">
     <span class='ocr_line' id='line_1_38' title="bbox 676 4441 2957 4508; baseline 0.001 -17"><span class='ocrx_word' id='word_1_346' title='bbox 676 4441 978 4508; x_wconf 83' lang='lat' dir='ltr'>altogether</span> <span class='ocrx_word' id='word_1_347' title='bbox 1023 4443 1314 4494; x_wconf 83' lang='lat' dir='ltr'>uncertain.</span> <span class='ocrx_word' id='word_1_348' title='bbox 1417 4444 1625 4496; x_wconf 86' lang='lat' dir='ltr'>Walter</span> <span class='ocrx_word' id='word_1_349' title='bbox 1674 4444 1879 4495; x_wconf 83' lang='lat' dir='ltr'>Giffard</span> <span class='ocrx_word' id='word_1_350' title='bbox 1925 4461 2034 4495; x_wconf 80' lang='lat' dir='ltr'>was</span> <span class='ocrx_word' id='word_1_351' title='bbox 2081 4443 2417 4508; x_wconf 85' lang='lat' dir='ltr'>Archbishop</span> <span class='ocrx_word' id='word_1_352' title='bbox 2472 4444 2794 4503; x_wconf 65' lang='lat' dir='ltr'>leae-1279,</span> <span class='ocrx_word' id='word_1_353' title='bbox 2845 4442 2957 4493; x_wconf 78' lang='lat' dir='ltr'>and</span> 
     </span>
    </p>
   </div>
   <div class='ocr_carea' id='block_1_8' title="bbox 676 4524 2955 4668">
    <p class='ocr_par' dir='ltr' id='par_1_11' title="bbox 676 4524 2955 4668">
     <span class='ocr_line' id='line_1_39' title="bbox 678 4524 2955 4590; baseline 0.002 -17"><span class='ocrx_word' id='word_1_354' title='bbox 678 4524 917 4574; x_wconf 86' lang='lat' dir='ltr'>William</span> <span class='ocrx_word' id='word_1_355' title='bbox 952 4524 1019 4575; x_wconf 87' lang='lat' dir='ltr'>de</span> <span class='ocrx_word' id='word_1_356' title='bbox 1042 4525 1376 4577; x_wconf 73' lang='lat' dir='ltr'>Wickwaine</span> <span class='ocrx_word' id='word_1_357' title='bbox 1413 4527 1551 4579; x_wconf 74' lang='lat' dir='ltr'>from</span> <span class='ocrx_word' id='word_1_358' title='bbox 1582 4529 1717 4585; x_wconf 80' lang='lat'>1279</span> <span class='ocrx_word' id='word_1_359' title='bbox 1741 4533 1800 4579; x_wconf 88' lang='lat' dir='ltr'>to</span> <span class='ocrx_word' id='word_1_360' title='bbox 1841 4531 2012 4590; x_wconf 77' lang='lat'>12853</span> <span class='ocrx_word' id='word_1_361' title='bbox 2049 4527 2150 4580; x_wconf 85' lang='lat' dir='ltr'>but</span> <span class='ocrx_word' id='word_1_362' title='bbox 2173 4528 2345 4579; x_wconf 80' lang='lat' dir='ltr'>which</span> <span class='ocrx_word' id='word_1_363' title='bbox 2382 4528 2440 4578; x_wconf 78' lang='lat' dir='ltr'>oi</span> <span class='ocrx_word' id='word_1_364' title='bbox 2473 4527 2627 4579; x_wconf 76' lang='lat' dir='ltr'>these</span> <span class='ocrx_word' id='word_1_365' title='bbox 2649 4532 2761 4579; x_wconf 81' lang='lat' dir='ltr'>two</span> <span class='ocrx_word' id='word_1_366' title='bbox 2785 4527 2955 4578; x_wconf 79' lang='lat' dir='ltr'>Arch-</span> 
     </span>
     <span class='ocr_line' id='line_1_40' title="bbox 676 4603 1809 4668; baseline 0.008 -16"><span class='ocrx_word' id='word_1_367' title='bbox 676 4603 893 4668; x_wconf 82' lang='lat' dir='ltr'>bishops</span> <span class='ocrx_word' id='word_1_368' title='bbox 918 4605 963 4655; x_wconf 83' lang='lat' dir='ltr'>is</span> <span class='ocrx_word' id='word_1_369' title='bbox 987 4606 1240 4656; x_wconf 84' lang='lat' dir='ltr'>intended</span> <span class='ocrx_word' id='word_1_370' title='bbox 1264 4613 1460 4660; x_wconf 79' lang='lat' dir='ltr'>cannot</span> <span class='ocrx_word' id='word_1_371' title='bbox 1482 4610 1548 4661; x_wconf 85' lang='lat' dir='ltr'>be</span> <span class='ocrx_word' id='word_1_372' title='bbox 1571 4610 1809 4661; x_wconf 87' lang='lat' dir='ltr'>decided.</span> 
     </span>
    </p>
   </div>
  </div>
 </body>
</html>
