3285 5121
695 600 1235 654 CARTULARIUM
1272 603 1680 655 ABBATHIAE
1717 604 1815 655 DE
1848 603 2218 657 WHlTEBY.
2486 593 2604 652 123

329 767 457 840 tur,
501 764 630 829 nisi
681 787 876 849 quem
929 767 1174 843 fratres,
1218 768 1549 831 communi
1602 788 1939 846 consensu,
1982 769 2088 833 vel
2139 769 2408 832 fratrum
2461 790 2607 852 pais

330 864 591 947 majoris
636 871 702 930 et
745 867 1013 930 sanioris
1058 867 1328 944 consilii,
1372 867 1731 932 secundum
1790 870 2007 933 Deum
2051 874 2117 932 et
2161 868 2232 933 B.
2274 868 2611 933 Benedicti

329 964 633 1046 regulam,
664 964 1063 1048 providerint
1086 966 1467 1051 eligendum.
1558 968 1910 1032 Libertates
1932 988 2188 1053 quoque
2217 974 2285 1032 et
2305 967 2609 1030 immuni-

329 1069 500 1128 tates
545 1066 864 1149 antiquas,
909 1072 974 1130 et
1015 1067 1433 1131 rationabiles
1487 1069 1986 1132 consuetudines
2032 1068 2334 1132 Ecclesiae
2379 1074 2609 1131 vestrae

331 1184 683 1241 concessas,
706 1173 771 1229 et
800 1175 1067 1230 actenus
1090 1168 1474 1245 observatas,
1503 1174 1678 1233 ratas
1708 1169 2036 1245 habemuS,
2068 1174 2133 1232 et
2155 1189 2261 1232 eas
2282 1167 2612 1251 perpetuis

330 1264 730 1345 temporibus
788 1264 1076 1329 illibatas
1137 1287 1507 1350 permanere
1553 1268 1924 1332 sancimus.¹
2038 1268 2193 1331 Paci
2245 1287 2500 1350 quoque
2544 1273 2613 1330 et

333 1363 793 1445 tranquillitati
835 1374 1068 1429 vestrae
1126 1372 1392 1449 paterna
1450 1368 1517 1430 in
1577 1374 1908 1451 posterum
1969 1367 2407 1432 sollicitudine
2465 1386 2609 1448 pro·

334 1463 553 1527 videre
610 1464 918 1541 volente8‚
978 1466 1356 1530 auctoritate
1414 1467 1788 1549 Apostolica
1844 1466 2259 1551 prohibemus
2319 1470 2394 1529 ut
2443 1465 2612 1528 infra

335 1563 692 1627 clausturas
720 1563 1007 1628 locorum
1050 1585 1163 1629 seu
1192 1565 1601 1649 grangiarum
1646 1571 2004 1630 vestrarum
2052 1564 2274 1629 nullus
2318 1565 2609 1647 rapinam

333 1684 449 1727 seu
468 1664 715 1727 furtum
734 1664 954 1740 facere,
971 1664 1182 1748 ignem
1210 1685 1544 1749 apponere,
1569 1665 1950 1748 sanguinem
1974 1665 2259 1742 fundere,
2280 1664 2611 1728 hominem

331 1768 572 1826 temere
616 1783 857 1845 capere,
899 1763 1007 1827 vel
1050 1764 1422 1841 interficere,
1453 1784 1568 1827 seu
1613 1764 1988 1827 violentiam
2034 1764 2267 1828 audeat
2302 1784 2610 1827 exercere.

332 1862 759 1926 Decernimns
804 1883 949 1946 ergo
1009 1869 1084 1925 ut
1128 1863 1296 1926 nulli
1341 1863 1604 1926 omnino
1651 1862 1988 1926 hominum
2032 1863 2229 1926 liceat
2269 1863 2611 1946 praefatum

330 1961 651 2025 Mon'ium
694 1968 935 2025 temere
964 1962 1352 2045 perturbare,
1383 1968 1497 2025 aut
1541 1962 1684 2045 ejus
1730 1962 2163 2045 possessiones
2209 1962 2474 2039 auferre,
2506 1960 2611 2025 vel

329 2060 578 2124 ablatas
601 2061 890 2138 retinere,
913 2061 1219 2148 minuere,
1236 2083 1351 2126 sen
1382 2062 1782 2145 quibuslibet
1803 2060 2291 2126 vexationibus²
2320 2062 2611 2145 fatigare3

331 2159 446 2224 sed
469 2160 686 2223 omnia
703 2160 952 2243 integra
974 2167 1433 2224 conserventur
1447 2182 1684 2236 eorum,
1708 2181 1823 2245 pro
1846 2182 2121 2244 quorum
2150 2161 2610 2245 gubernatione

331 2280 409 2323 ac
453 2259 919 2324 sustentatione
964 2279 1263 2324 concessa
1306 2268 1478 2337 sunt,
1524 2261 1749 2324 usibus
1801 2261 2184 2325 omnimodis
2238 2260 2612 2343 profutura5

337 2358 519 2423 salva
558 2359 741 2424 Sedis
770 2359 1159 2443 Apostolicae
1193 2359 1331 2443 (33)
1377 2359 1779 2436 auctoritate,
1812 2364 1878 2422 et
1907 2360 2231 2423 diocesani
2276 2360 2417 2443 Ep’i
2462 2381 2611 2424 can-

336 2459 523 2523 onica
537 2458 810 2542 justitia.
901 2459 970 2522 Si
994 2478 1123 2541 qua
1143 2459 1343 2543 igitur
1365 2460 1437 2522 in
1460 2457 1788 2522 futurum⁸
1809 2458 2235 2523 ecclesiastica
2261 2459 2609 2523 saecularis-

336 2581 418 2624 ve
448 2579 734 2643 persona,
762 2558 930 2623 hanc
977 2566 1211 2623 nostrae
1256 2558 1742 2623 constitutionis
1787 2558 2090 2641 paginam
2134 2557 2360 2635 sciens,
2391 2565 2612 2622 contra

336 2680 479 2724 eam
502 2666 738 2723 temere
756 2660 973 2723 venire
996 2659 1428 2743 temptaverit,
1446 2657 1728 2722 secundo
1758 2657 2029 2720 tertiove
2053 2658 2463 2734 commonita,
2486 2658 2614 2720 nisi

335 2764 585 2822 reatum
608 2778 797 2821 suum
820 2778 1100 2842 congrua
1121 2757 1558 2822 satisfactione
1589 2754 1948 2831 con-exerit,
1971 2755 2308 2838 potestatis
2326 2754 2613 2819 honoris-

339 2879 464 2940 que
473 2857 575 2921 sui
595 2860 803 2921 careat
822 2856 1465 2941 dignitate,rea1nque
1485 2874 1551 2917 se
1570 2853 1815 2916 Divino
1827 2853 2074 2936 judicio
2095 2853 2368 2917 existere
2379 2853 2459 2916 de
2471 2873 2611 2935 per-

335 2964 535 3041 petua
565 2956 909 3039 iniquitate
931 2961 1289 3040 cognoscat,
1312 2961 1377 3019 et
1405 2976 1444 3018 a
1473 2953 1902 3017 sacratissimo
1927 2973 2183 3035 corpore
2206 2973 2278 3016 ac
2302 2954 2611 3036 sanguine

338 3057 465 3120 Dei
508 3061 575 3119 et
617 3056 884 3119 Domini
928 3055 1374 3137 Redemptoris
1419 3053 1641 3128 nostri,
1683 3051 1892 3116 Jhesu
1938 3051 2201 3127 Christi,
2228 3051 2439 3115 aliena
2482 3051 2611 3127 fiat,

337 3161 531 3237 atque
561 3155 632 3217 in
660 3163 947 3218 extremo
979 3155 1275 3218 examine
1306 3153 1614 3217 districtae
1645 3151 1975 3234 subjaceat
1997 3151 2251 3214 ultioni.
2342 3151 2613 3214 Cunctis

337 3263 557 3319 autem
601 3253 809 3318 eidem
839 3255 979 3317 loco
1011 3274 1129 3317 sua
1165 3254 1314 3337 jura
1352 3251 1759 3318 servantibus
1803 3251 1891 3314 sit
1927 3271 2055 3333 pax
2098 3249 2366 3313 Domini
2411 3249 2615 3312 nostri

337 3355 381 3418 J
386 3354 547 3418 heau
577 3352 818 3417 Christi
850 3353 1177 3435 quatinuS‚
1201 3359 1264 3417 et
1295 3352 1401 3416 hic
1426 3353 1710 3414 fructum
1741 3349 1924 3413 bonae
1948 3349 2216 3413 actionis
2239 3349 2614 3433 percipiant,

338 3461 404 3518 et
449 3452 618 3536 apud
673 3452 1038 3516 districtum
1079 3454 1125 3517 J
1131 3453 1381 3516 udicem
1429 3450 1693 3535 praemia
1740 3454 1994 3516 aeternae
2038 3450 2214 3532 pacis
2256 3448 2609 3513 inveniant.

336 3554 562 3616 Amen.
682 3551 1096 3634 [Two-thirds
1138 3554 1215 3635 of
1247 3553 1288 3616 f.
1340 3569 1373 3632 3
1384 3549 1453 3632 3b
1495 3553 1604 3633 left
1651 3549 1882 3626 Μαγώγ
1945 3550 2079 3612 and
2122 3551 2252 3613 also
2299 3550 2360 3614 ff.
2412 3552 2608 3631 34-38

337 3652 599 3735 entirely
627 3651 861 3735 blank]

672 3900 873 3966 CLII.
926 3902 1060 3984 (39)
1097 3902 1324 3965 CARTA
1355 3902 1657 3965 Acnmxs
1689 3918 1774 3964 ns
1808 3902 2263 3967 SCARDEBURG.

428 4047 619 4113 Omn.
652 4049 895 4113 Christi
927 4048 1223 4112 fidelibus
1255 4048 1439 4113 hanc.
1473 4071 1522 4113 c.
1563 4050 1678 4113 vis.
1714 4049 1819 4113 vel
1847 4049 2009 4127 aud,
2042 4051 2273 4132 Agnes,
2304 4070 2449 4132 qnae
2489 4050 2614 4112 suit
2640 4081 2819 4151 Agnes,

338 4168 500 4213 uxor
531 4149 820 4232 Gregorii
852 4146 1067 4224 Cart’,⁴
1095 4148 1387 4211 salutem.
1482 4148 1714 4212 Sciatis
1738 4170 1860 4225 me,
1883 4150 1954 4212 in
1983 4149 2091 4212 lib.
2123 4149 2453 4211 viduetate
2473 4169 2614 4211 mea
2640 4141 2885 4258 {2¹¹2}ng

2764 4257 2775 4279 Ι

410 4310 428 4344 ¹
465 4313 740 4373 melma-³3
781 4311 853 4361 M.
882 4311 1162 4361 sancimus.
1787 4307 1809 4340 ²
1847 4309 2227 4360 versationibus.
2646 4258 2796 4317 (Ἀπ’

409 4392 432 4427 ³
591 4397 604 4409 .

409 4472 435 4508 ⁴
451 4394 774 4528 ss‘gugzne
802 4493 924 4543 may
947 4474 1014 4527 be
1038 4474 1238 4537 Cat-ter,
1265 4473 1365 4526 but
1387 4474 1433 4527 it
1460 4474 1506 4527 is
1529 4479 1626 4526 not
1652 4491 1684 4526 a
1707 4475 1860 4526 usual
1885 4489 2054 4525 name.
2130 4472 2393 4538 Carthorp
2411 4474 2456 4524 is
2482 4489 2625 4525 moro

338 4559 609 4626 probable,
636 4560 738 4611 but
761 4566 859 4611 not
883 4558 1179 4610 warrauted
1207 4559 1278 4623 by
1304 4559 1397 4610 the
1421 4558 1786 4610 abbreviation
1812 4556 2103 4623 employed.
