3285 5121
661 614 784 671 212
1035 623 1580 675 CARTULARIUM
1620 624 2026 675 ABBATHIAE
2064 623 2164 674 DE
2201 620 2574 673 WHITEBY.

661 788 910 853 dedisse
942 796 1008 853 et
1037 809 1212 854 conc.
1243 790 1313 852 in
1355 809 1528 873 perp.
1559 788 1980 871 Wytebyam¹
2030 788 2100 851 in
2143 787 2412 851 liberam
2457 783 2848 868 burgagiam,
2880 790 2950 846 et

662 887 1086 971 burgensibus
1121 888 1363 952 ibidem
1392 887 1804 953 manentibus
1843 887 2208 951 libertatem
2252 885 2573 969 burgagiae
2617 889 2683 947 et
2723 882 2904 966 leges
2925 882 2952 919 ²

661 987 896 1052 liberas
926 987 1254 1072 liberaque
1276 990 1461 1072 jura;
1504 988 1969 1070 quietationem
1999 988 2197 1051 etiam
2225 986 2295 1049 in
2324 982 2646 1067 Wyteby⁸
2674 990 2742 1047 et
2763 989 2954 1046 extra

665 1086 951 1168 wyte-by
981 1086 1051 1149 in
1082 1086 1400 1151 universis
1439 1093 1506 1150 et
1535 1086 1616 1150 de
1660 1085 1979 1149 universis
2024 1085 2105 1149 ad
2150 1083 2506 1148 Ecclesiam
2553 1083 2614 1147 S.
2659 1080 2839 1144 Petri
2883 1085 2953 1143 et

663 1184 909 1249 ibidem
924 1187 1065 1250 Deo
1083 1186 1502 1250 servientium
1523 1185 2014 1269 pertinentibus,
2023 1201 2561 1266 communemque
2582 1187 2915 1265 pasturam
2941 1203 2958 1257 3

667 1290 946 1366 quatuor
987 1304 1139 1348 vero
1181 1284 1323 1348 vias
1366 1283 1654 1348 intrandi
1696 1290 1763 1347 et
1806 1282 2087 1347 exeundi
2132 1282 2213 1345 ad
2257 1282 2526 1365 burgam
2569 1279 2839 1343 liberam
2885 1286 2955 1341 et

669 1384 957 1467 quietam
974 1384 1001 1422 ⁴
1044 1383 1124 1448 de
1168 1384 1468 1447 omnibus
1527 1381 2121 1458 consuetudinibus,
2167 1381 2246 1444 de
2290 1378 2737 1462 unaqua[que]
2786 1377 2958 1441 tofta

670 1483 994 1548 reddendo
1053 1504 1169 1566 pro
1229 1483 1547 1547 universis
1606 1482 1886 1546 servitiis
1944 1481 2132 1544 annis
2183 1480 2455 1564 singulis
2511 1500 2558 1543 v
2616 1475 2960 1551 denarios,¹5

671 1581 1007 1647 dimidiam
1050 1580 1134 1645 ad
1184 1583 1612 1646 Pentecosten
1664 1588 1731 1645 et
1782 1579 1933 1644 dim.
1978 1579 2060 1642 ad
2111 1579 2155 1643 f.
2202 1579 2264 1643 S.
2309 1576 2597 1641 Martini.
2686 1575 2759 1639 Si
2805 1575 2958 1657 quis

670 1684 891 1743 autem
940 1680 1133 1743 't’ram
1192 1700 1376 1744 suam
1425 1680 1707 1745 vendere
1765 1677 2064 1754 voluerit,
2120 1676 2421 1760 primitus
2443 1674 2471 1716 ⁰
2527 1675 2650 1739 hoc
2706 1674 2959 1737 Abbati

670 1777 1002 1843 ostendere
1032 1778 1239 1854 debet,
1269 1785 1336 1842 et
1364 1778 1424 1843 ei
1469 1778 1675 1855 t'ram,
1706 1777 1762 1841 si
1792 1797 1936 1841 eam
1981 1795 2192 1840 emere
2219 1774 2518 1852 voluerit,
2546 1772 2957 1838 vendendam

672 1877 924 1959 offerre„
944 1897 1059 1960 pro
1090 1877 1208 1940 tali
1237 1875 1605 1940 rationabili
1636 1875 1842 1959 pretio
1872 1874 2063 1958 quale
2107 1873 2274 1938 alius
2318 1874 2379 1937 ei
2423 1893 2537 1957 pro
2581 1872 2804 1937 eadem
2836 1871 2961 1935 t'ra

673 1975 823 2038 dare
867 1975 1159 2039 voluerit.
1250 1975 1321 2039 Si
1362 1994 1514 2038 vero
1559 1995 1702 2038 eam
1720 1973 1745 2015 ⁷
1797 1993 2007 2037 emere
2056 1972 2353 2049 noluerit,
2383 1971 2648 2037 consilio
2693 1977 2761 2035 et
2803 1991 2958 2034 con-

674 2093 866 2136 sensu
911 2074 1049 2155 ejus
1094 2073 1363 2137 eandem
1393 2073 1649 2137 vendat.
1739 2072 2009 2154 Emptor
2050 2092 2201 2135 vero
2246 2073 2378 2135 t'rae
2425 2070 2961 2135 consuetudinem

675 2170 757 2233 ad
802 2169 1106 2233 saisinam
1149 2170 1249 2233 iiii
1294 2169 1586 2234 denarios
1623 2169 1824 2246 dabit,
1853 2177 1920 2234 et
1961 2171 1986 2233 i
2027 2169 2366 2234 denarium
2404 2170 2829 2253 burgensibus
2873 2169 2961 2232 ad

676 2268 997 2352 beverage.
1105 2268 1191 2332 Et
1242 2268 1299 2332 si
1346 2268 1565 2351 aliqua
1616 2269 2020 2351 querimonia
2072 2269 2246 2333 inter
2293 2270 2639 2353 burgenses
2656 2268 2683 2309 ⁸
2738 2269 2962 2346 oritur,

681 2367 890 2431 tribus
920 2365 1170 2432 vicibus
1201 2388 1371 2433 unus
1401 2367 1602 2431 alium
1632 2372 1709 2431 ut
1739 2368 1863 2432 sibi
1893 2375 2140 2432 rectum
2171 2375 2239 2433 et
2265 2369 2424 2453 quid
2447 2369 2614 2452 juris
2637 2375 2736 2434 est
2762 2369 2967 2434 faciat

677 2466 848 2549 apud
880 2465 1145 2530 domum
1174 2467 1501 2551 propriam
1529 2467 1853 2551 requirere
1898 2468 2106 2533 debet.
2197 2468 2384 2546 Quod
2414 2469 2471 2533 si
2501 2469 2625 2533 sibi
2669 2469 2740 2532 in
2768 2468 2965 2533 tertia

677 2565 992 2650 petitione
1038 2568 1401 2633 satisfacere
1445 2567 1745 2645 noluerit,
1790 2568 2053 2633 demum
2088 2569 2418 2652 justitiam
2456 2569 2633 2633 villae
2682 2569 2964 2633 rationa-

679 2659 899 2728 biliter
955 2673 1032 2730 ut
1088 2674 1336 2731 rectum
1379 2667 1575 2731 faciat
1632 2675 1895 2750 quaerat.
2005 2669 2286 2751 Tresque
2330 2668 2403 2731 in
2461 2688 2630 2731 anno
2675 2667 2808 2732 sint
2868 2668 2965 2731 eis

682 2764 1125 2848 plac[i]torum
1170 2767 1631 2832 institutiones
1730 2767 1950 2832 Prima
1992 2774 2143 2853 post
2185 2767 2637 2852 Epiphaniam,
2679 2766 2966 2832 secunda

684 2871 832 2947 post
875 2865 1139 2943 Pascha,
1182 2867 1376 2931 tertia
1419 2873 1566 2949 post
1609 2865 1654 2931 f.
1702 2865 1761 2930 S.
1810 2866 2064 2948 Hyldae.
2158 2866 2345 2944 Quod
2390 2866 2446 2930 si
2491 2865 2709 2949 aliqua
2751 2866 2969 2950 queri—

685 2962 903 3027 monia
960 2961 1173 3028 insra⁹
1237 2964 1575 3048 praedictas
1627 2963 2069 3029 institutiones
2121 2984 2190 3028 se
2242 2964 2590 3043 emerserit,
2640 2970 2708 3028 et
2756 2962 2971 3027 deter-

687 3061 922 3125 minari
950 3061 1122 3126 intra
1152 3063 1407 3127 easdem
1453 3083 1581 3126 non
1625 3062 1847 3145 possit,
1877 3062 2017 3126 sine
2061 3061 2369 3126 dilatione
2412 3063 2494 3126 ad
2538 3063 2814 3147 primam
2865 3061 2970 3124 in-

689 3159 1096 3224 stitutionem
1124 3162 1520 3226 terminetur.
1612 3161 1755 3223 Hoc
1788 3167 1861 3223 ut
1889 3168 2099 3224 ratum
2130 3165 2198 3223 et
2227 3159 2520 3224 durabile
2549 3161 2631 3225 ab
2666 3160 2973 3225 omnibus

692 3257 1005 3322 habeatur
1022 3258 1073 3298 ¹⁰
1102 3264 1415 3340 optamus.

858 3503 1241 3569 CCLXVII.
1291 3505 1674 3569 Comen-mo
1718 3519 1916 3566 mma
1945 3505 2270 3568 ABBATEM
2301 3519 2387 3566 DE
2415 3502 2710 3565 WYTEBY
2742 3519 2822 3567 Er

1150 3615 1567 3680 MAffls'rmm
1600 3614 1662 3680 S.
1696 3614 2041 3680 LEoNARm
2071 3631 2157 3679 DE
2188 3616 2515 3681 EBORACO.

782 3774 865 3837 In
895 3774 1060 3839 sesto
1090 3775 1149 3840 S.
1181 3775 1413 3840 Jacobi
1441 3776 1759 3860 Apostoli,
1787 3778 2081 3861 proximo
2116 3778 2252 3863 (67)
2287 3785 2435 3862 post
2484 3778 2979 3845 translationem

696 3875 770 3940 B.
803 3874 1081 3953 Thomae,
1112 3875 1569 3941 Cantuarensis
1598 3878 2107 3962 Archiepiscopi,
2135 3878 2561 3945 amicabiliter
2602 3880 2982 3963 conquievit

693 3976 777 4041 lis
827 3983 1003 4040 mota
1044 3976 1285 4040 Abbati
1336 3982 1403 4041 et
1448 3977 1647 4043 Conv.
1693 3977 1774 4043 de
1802 3978 2089 4063 wyteby
2118 4000 2156 4043 a
2202 3980 2516 4064 Magistro
2559 3985 2626 4044 et
2670 3978 2979 4043 fratribus

696 4076 1060 4161 Hospitalis
1105 4076 1166 4141 S.
1198 4075 1376 4140 Petri
1417 4076 1757 4154 Eboraci,¹¹
1789 4096 2003 4141 coram
2033 4078 2296 4142 Decano
2340 4084 2406 4143 et
2437 4077 2755 4162 Capitu10,
2783 4096 2982 4161 super

793 4225 809 4259 ¹
849 4226 924 4279 M.
954 4225 1294 4277 Whitebiam.
1712 4224 1734 4258 ²
1771 4227 1903 4290 leyt'c.
2468 4225 2491 4260 ³
2528 4228 2601 4279 M.
2629 4225 2902 4291 Whiteby.

793 4305 815 4340 ⁴
852 4309 922 4360 So
946 4309 1003 4360 in
1028 4309 1158 4360 both
1185 4309 1377 4374 copies.
1686 4333 1687 4336 ¹
1712 4306 1736 4340 ⁶
1771 4309 2052 4360 dem-arios.
2467 4308 2492 4342 ⁰
2532 4310 2604 4360 M.
2632 4309 2791 4374 prius.

791 4389 811 4423 ⁷
850 4392 923 4442 M.
950 4393 1186 4444 eandem.
1709 4388 1733 4425 ⁸
1768 4392 2048 4455 buu-qaum.
2474 4389 2498 4424 ⁹
2532 4392 2607 4443 M.
2632 4393 2806 4457 juxta.

768 4470 810 4504 ¹⁰
849 4474 919 4524 M.
945 4473 1140 4525 inserts
1164 4474 1290 4525 here
1318 4477 1350 4503 ‘⁸
1367 4490 1592 4539 praesens
1616 4474 1873 4539 scriptum
1893 4473 2051 4540 sigilli
2073 4473 2244 4525 nostri
2260 4473 2591 4539 appositione
2612 4471 2985 4524 munivimus.”

767 4553 806 4586 ¹¹
847 4555 943 4604 See
968 4555 1067 4606 No.
1096 4558 1217 4616 295,
1244 4556 1338 4608 the
1363 4556 1490 4608 date
1515 4558 1572 4608 of
1595 4557 1771 4608 which
1798 4556 1843 4607 is
1872 4559 2023 4608 1248.
