3285 5121
964 622 1542 677 mrsonucroar
1575 622 1973 676 enarrans.
2363 606 2596 671 xxxvii

320 792 666 861 sumerent,
713 806 843 870 quo
890 807 1008 851 nos
1055 788 1378 872 refugium
1423 788 1688 872 aliquod
1736 788 2115 872 professioni
2163 796 2400 852 nostrae
2443 808 2595 852 con-

318 906 552 969 gruum
583 886 705 950 sub
734 886 942 969 ipsius
971 887 1166 972 Regis
1196 908 1393 952 manu
1425 896 1491 952 et
1523 888 1769 953 ditione
1792 888 2025 953 habere
2055 888 2484 971 agnovissent.

410 986 702 1067 Cumque
720 991 868 1067 post
896 985 1033 1049 haec
1063 986 1626 1070 op[p]ortunitatis
1649 995 1909 1070 tempus
1928 987 2197 1063 adesset,
2214 1006 2343 1070 quo
2363 1007 2592 1050 manus

319 1083 710 1166 pontificalis
754 1084 1235 1166 impositionem
1288 1093 1355 1149 et
1383 1086 1664 1150 Abbatis
1707 1086 2226 1150 benedictionem
2274 1085 2595 1168 suscipere

319 1182 637 1259 deberem,
681 1183 883 1247 subiit
926 1183 1141 1247 animo
1187 1190 1263 1247 ut
1299 1184 1382 1248 ad
1428 1185 1832 1266 Lestinyham
1875 1185 2054 1262 irem,
2099 1185 2254 1268 quia
2296 1186 2418 1248 sub
2461 1184 2597 1248 sola

324 1282 518 1365 Regis
546 1289 864 1364 potestate
894 1290 1031 1347 erat
1074 1283 1423 1347 monachus
1470 1285 1810 1366 professus,
1840 1284 2126 1367 ejusdem
2172 1304 2429 1366 quoque
2467 1283 2594 1347 loci

321 1382 544 1446 Abbas
575 1401 987 1447 consecraret.
1078 1381 1238 1459 Quae
1268 1404 1369 1446 res
1388 1384 1629 1466 pariter
1653 1384 1845 1447 etiam
1867 1382 2343 1466 congregationi
2359 1390 2596 1447 nostrae

322 1486 389 1543 et
421 1480 548 1563 ipsi
579 1481 756 1563 Regi,
780 1481 1169 1565 dominoque
1197 1482 1445 1545 ssmnae
1468 1482 1968 1565 Archiepiscopo
1998 1489 2236 1558 nostr0,
2258 1503 2507 1545 necnon
2530 1491 2597 1546 et

325 1580 624 1643 omnibus
652 1600 929 1663 quorum
958 1580 1112 1645 inde
1141 1581 1484 1646 consilium
1524 1582 1906 1664 quaerebam,
1936 1582 2106 1645 bona
2135 1588 2202 1646 et
2244 1580 2425 1645 utilis
2455 1582 2597 1646 visa

323 1685 444 1754 est,
501 1699 576 1741 ac
633 1680 913 1756 tandem,
973 1687 1233 1744 auctore
1283 1681 1443 1757 Dee,
1493 1680 1756 1762 illisque
1815 1678 2201 1757 volentibuS,
2252 1700 2459 1763 usque
2510 1680 2592 1743 ad

321 1783 544 1842 actum
585 1778 907 1861 perducta.
1013 1780 1107 1843 At
1152 1799 1300 1843 vero
1346 1779 1728 1862 saepedictus
1775 1779 2141 1856 Willelmus‚
2186 1780 2354 1843 sicut
2401 1786 2593 1844 antea

320 1886 755 1955 consueverat,
815 1884 881 1942 et
940 1884 1164 1962 postea
1221 1899 1477 1962 quoque
1537 1878 1869 1942 molestior
1928 1879 2111 1943 nobis
2170 1884 2237 1943 et
2287 1878 2593 1943 adversus

317 1976 732 2040 vehementer
761 1977 1095 2053 existebat,
1126 1982 1321 2059 atque
1341 1983 1419 2040 ut
1449 1977 1698 2041 dictum
1721 1982 1836 2053 est,
1860 1976 1938 2040 de
1961 1976 2202 2060 praedio
2226 1997 2344 2040 suo
2368 1977 2439 2040 in
2463 1999 2592 2060 quo

319 2074 532 2137 adhuc
550 2074 1074 2139 conventiculum
1103 2075 1709 2159 nostrum-degebat,
1728 2075 1935 2139 modis
1958 2075 2256 2140 omnibus
2274 2076 2594 2160 expellere

319 2173 665 2237 laborabat.
756 2174 949 2237 Unde
979 2195 1114 2257 eg0,
1142 2174 1345 2237 nimio
1374 2174 1590 2238 dolore
1620 2174 1974 2258 perculsus,
1989 2175 2383 2257 justiciarios
2410 2175 2594 2260 regni

321 2272 516 2355 hujus
574 2274 946 2357 frequenter
1003 2273 1196 2350 adire,
1254 2274 1579 2338 miseriam
1647 2280 1933 2337 nostram
1993 2282 2060 2338 et
2117 2276 2592 2358 oppressionem

320 2370 673 2434 multorum
717 2371 979 2435 auribus
1022 2372 1368 2449 insinuare,
1419 2379 1483 2436 et
1524 2371 1838 2435 auxilium
1885 2391 2108 2437 versus
2161 2375 2594 2457 opprimentes

321 2490 439 2533 nos
462 2470 748 2553 flagitare
767 2471 1139 2555 compulsus
1162 2492 1307 2535 sum
1332 2494 1347 2549 ;
1393 2471 1503 2535 sed
1527 2491 1738 2555 neque
1758 2472 1851 2534 ita
1868 2472 2219 2556 quicquam
2237 2475 2595 2556 proficiens,

319 2570 581 2634 tandem
611 2591 817 2654 usque
847 2571 918 2634 in
948 2571 1013 2634 N
1015 2571 1432 2647 ormanniam,
1463 2572 1534 2634 in
1562 2592 1693 2654 qua
1723 2572 1865 2635 Rex
1894 2572 2089 2635 simul
2134 2581 2200 2637 et
2243 2573 2594 2636 Willelmus

320 2670 406 2731 de·
422 2669 647 2752 Peroey
674 2678 831 2734 tunc
862 2669 1024 2734 forte
1053 2670 1483 2747 morabantur,
1513 2670 1943 2746 transfretare,
1975 2677 2041 2735 et
2070 2671 2349 2754 qualiter
2375 2679 2595 2736 nostra

321 2768 393 2830 in
411 2787 566 2852 pace
586 2767 848 2832 alterius
866 2767 1570 2851 haberemuS,precibus
1590 2768 1763 2851 apud
1784 2769 2116 2851 Regem,et
2134 2770 2341 2833 modis
2358 2770 2593 2852 quibus

323 2872 629 2948 poteram,
647 2873 931 2952 satagere
950 2868 1187 2943 curavi,
1195 2876 1262 2932 et
1279 2868 1372 2930 ita
1391 2867 1673 2942 demum,
1683 2872 1945 2948 accepto
1964 2867 2140 2949 pacis
2158 2867 2595 2951 chirographo,

325 2965 407 3028 ad
436 2965 692 3048 propria
708 2985 1018 3042 reversus,
1047 2986 1178 3029 non
1206 2966 1399 3049 longo
1422 2972 1709 3048 tempore
1732 2984 1879 3028 cum
1902 2964 2138 3028 nostris
2161 2973 2227 3029 et
2255 2965 2336 3029 de
2358 2967 2594 3030 nostris

324 3083 546 3146 pacem
566 3065 836 3148 optinui.
879 3065 1140 3129 Exarsit
1160 3065 1404 3148 quippe
1426 3084 1506 3128 ex
1526 3084 1599 3127 eo
1618 3070 1905 3146 tempore
1923 3062 2131 3127 multo
2150 3063 2594 3128 vehementius

324 3164 664 3227 adversum
695 3185 811 3228 nos
855 3165 1111 3228 animus
1152 3172 1219 3228 et
1259 3165 1356 3227 ira
1393 3163 1713 3239 Willelmi,
1744 3170 1811 3226 et
1855 3163 2067 3246 quoad
2096 3183 2300 3248 usque
2335 3165 2595 3248 penitus

321 3283 439 3326 nos
489 3263 570 3327 de
619 3263 992 3347 Wittebeya
1044 3263 1405 3346 effugasset,
1444 3282 1671 3345 pacem
1722 3261 2100 3326 diuturnam
2152 3263 2257 3326 vel
2308 3264 2594 3347 quietem

316 3362 551 3428 habere
580 3383 710 3426 non
740 3364 1050 3446 permisit.
1142 3362 1317 3439 Quid
1347 3361 1605 3426 multa?
1692 3361 1844 3425 Hiis
1875 3382 2156 3446 namque
2184 3363 2593 3448 exigentibus

314 3463 543 3539 causis,
571 3471 894 3545 postremo
938 3469 1074 3526 tam
1104 3461 1544 3545 ingruentium
1591 3481 2034 3544 pressurarum
2062 3460 2255 3546 longa
2296 3463 2595 3528 molestia

315 3562 540 3639 attriti,
593 3582 790 3645 quam
839 3561 1203 3626 inevitabili
1252 3560 1492 3624 totiens
1543 3559 1881 3624 memorati
1933 3560 2236 3624 Willelmi
2286 3562 2596 3627 violentia

318 3661 540 3738 coacti,
563 3663 700 3744 jam
730 3660 990 3745 publice
1034 3668 1102 3724 et
1144 3659 1385 3742 injuste
1417 3658 1631 3723 ablata
1676 3659 1861 3723 nobis
1892 3660 2280 3744 Wittebeya,
2323 3662 2404 3725 ad
2435 3682 2594 3745 prae-
2645 3684 2658 3696 ·

319 3760 571 3825 dictum
628 3761 843 3824 locum
904 3760 1021 3844 qui
1071 3759 1313 3823 dicitur
1372 3758 1844 3842 Lestingeham,
1901 3759 1996 3822 ibi
2046 3759 2278 3823 saltem
2336 3781 2595 3825 manere

316 3860 673 3944 cupientes,
716 3880 831 3942 per
881 3859 1239 3942 jussionem
1283 3858 1477 3942 Regis
1538 3858 2153 3942 transmigravimus.
2271 3859 2396 3924 Sed
2441 3861 2596 3943 quia

322 3979 456 4022 non
498 3964 597 4023 est
624 3958 734 4023 via
762 3958 1044 4022 hominis
1090 3958 1161 4021 in
1189 3978 1388 4021 manu
1429 3956 1588 4040 ejus,
1616 3957 1806 4021 aliter
1849 3957 1928 4021 de
1958 3957 2143 4021 nobis
2188 3957 2594 4043 omnipotens

321 4057 503 4121 Deus
547 4057 947 4140 disponebat,
978 4063 1045 4120 et
1089 4076 1233 4139 quse
1266 4056 1634 4138 corporibus
1680 4054 2144 4139 animabusque
2188 4057 2423 4121 nostris
2452 4077 2597 4140 pro-

324 4156 546 4220 futura
594 4156 665 4220 in
713 4161 1100 4240 perpetuum
1150 4160 1337 4219 erant
1382 4153 1727 4218 salubriter
1772 4154 2190 4237 praeparabat.
2278 4155 2345 4218 N
2347 4176 2453 4218 am
2504 4156 2599 4219 ibi

325 4276 599 4339 quoque,
682 4255 901 4321 nescio
977 4275 1106 4340 quo
1188 4254 1316 4319 Dei
1381 4253 1649 4337 judici0‚
1731 4253 2013 4318 latrones
2095 4254 2596 4337 circumquaque

325 4354 852 4438 debac[c]hantes
933 4375 1051 4419 nos
1125 4354 1449 4438 persecuti
1531 4359 1705 4430 sunt,
1778 4358 1845 4416 et
1919 4371 2021 4416 res
2098 4360 2348 4417 nostras
2430 4372 2598 4435 saepe

323 4455 667 4537 rapientes,
694 4475 964 4519 moerore
992 4453 1349 4518 inedicibili
1377 4453 1568 4518 corda
1598 4460 1819 4517 nostra
1846 4451 2285 4533 perfuderunt.

412 4552 531 4617 IV.
577 4552 780 4617 There
801 4553 859 4617 is
889 4558 1047 4619 next
1070 4553 1181 4618 the
1203 4552 1475 4617 relation
1497 4552 1564 4617 of
1593 4551 1705 4616 the
1728 4549 2013 4614 troubles
2036 4549 2249 4614 which
2271 4547 2464 4612 beer
2485 4547 2598 4613 the
