3285 5121
729 634 848 690 306
1100 643 1644 696 CARTULARIUM
1682 644 2088 695 ABBATHIAE
2125 643 2223 693 DE
2256 643 2623 694 WHITEBY.

724 808 1086 873 haeredibus
1116 808 1282 873 meis
1302 808 1442 873 sine
1472 807 1967 873 conturbatione
1999 808 2129 873 mei
2159 807 2266 872 vel
2311 806 2461 871 haer.
2493 826 2798 881 meorum,
2830 804 3033 869 salvo

722 907 1187 990 praenominato
1240 908 1521 972 servitio.
1612 907 1766 970 Hiis
1821 907 2121 971 testibus.
2211 907 2277 970 N
2280 905 2551 982 icholao,
2601 906 2892 970 Persona
2937 904 3034 966 de

725 1006 1135 1090 Scirpenbek.
1226 1005 1590 1082 Laurentio,
1621 1011 1856 1089 nepote
1901 1026 2036 1082 suc,
2080 1011 2148 1069 et
2193 1005 2455 1082 Thoma‚
2499 1004 2696 1067 fratre
2739 1005 2907 1087 ejus,
2952 1011 3034 1065 et

724 1105 954 1182 Adam,
982 1107 1178 1170 fratre
1207 1106 1363 1189 ejus.
1453 1105 1662 1182 Petr0‚
1690 1104 1826 1167 filio
1872 1106 2114 1168 Grente
2146 1104 2225 1167 de
2256 1104 2510 1168 Sutton.
2605 1103 2652 1167 J
2655 1103 2906 1166 urdano
2936 1102 3033 1165 de

726 1203 1078 1288 Bugthorp‚
1107 1211 1173 1268 et
1201 1204 1393 1268 Petro
1423 1204 1619 1268 fratre
1649 1204 1804 1286 ejus.
1897 1204 1984 1267 Et
2009 1201 2341 1267 Willelmo
2384 1203 2653 1284 Noreys,
2683 1200 3028 1265 Michaele

725 1303 859 1367 filio
890 1304 1047 1386 ejus,
1078 1309 1143 1368 et
1186 1303 1471 1367 Henrico
1501 1303 1700 1367 fratre
1730 1304 1884 1386 ejus.
1975 1302 2350 1387 Reginaldo,
2382 1302 2516 1364 filio
2545 1303 2721 1365 Dun.
2813 1302 3026 1364 Petro

725 1403 860 1466 filio
882 1403 1195 1467 Willelmi
1222 1403 1301 1467 de
1319 1403 1731 1479 Wilburfoss,
1753 1408 1819 1466 et
1849 1403 1897 1466 J
1898 1402 2144 1466 urdano
2167 1402 2361 1465 fratre
2391 1402 2448 1484 ej
2455 1422 2558 1481 us;
2587 1407 2654 1466 et
2671 1399 3023 1464 Willelmo

726 1501 860 1566 filio
927 1502 1269 1586 Reginaldi
1341 1502 1463 1564 filii
1538 1503 1713 1566 Dun.
1828 1502 2108 1586 Hugone
2166 1501 2301 1564 filio
2361 1500 2559 1564 Ketel
2619 1499 2758 1583 [de]
2818 1500 3022 1563 Ebor.

726 1602 1031 1679 waltero,
1061 1601 1194 1665 filio
1225 1602 1527 1666 Hosbern
1556 1602 1636 1666 de
1668 1601 2118 1684 Barkesthorp.
2207 1598 2517 1676 WalterO,
2546 1599 2679 1664 filio
2718 1599 2888 1662 Pani
2933 1600 3021 1663 de

725 1701 992 1766 Katton.
1054 1701 1334 1785 Hugone
1363 1702 1497 1767 filio
1527 1702 1776 1785 Rogeri.
1835 1701 2098 1765 Andrea
2126 1700 2260 1763 filio
2293 1701 2556 1784 Turgis;
2601 1706 2668 1763 et
2696 1697 2963 1763 caeteris.

1127 1876 1568 1941 CCCLXVII.
1615 1877 1790 1939 AmA
1823 1891 2037 1939 cum
2067 1890 2154 1937 nn
2186 1875 2636 1963 Scan-nmmo.⁴

811 2023 891 2087 A
941 2024 1015 2088 G.
1062 2023 1232 2087 mill⁰
1276 2025 1721 2089 ducentesimo
1766 2024 2256 2108 septuagesimo,
2300 2024 2384 2087 ad
2428 2022 2664 2088 Natale
2713 2022 3014 2099 Domini,

725 2122 820 2184 ita
871 2123 1175 2186 convenit
1226 2123 1399 2187 inter
1455 2124 1702 2187 D’num
1756 2123 2154 2201 Robertum,¹
2193 2124 2537 2200 Abbatem‚
2568 2129 2634 2187 et
2680 2122 2879 2187 Conv.
2931 2123 3014 2186 de

726 2220 1055 2301 Whiteby,
1133 2241 1213 2283 ex
1290 2241 1423 2284 una
1482 2227 1683 2305 parte,
1742 2228 1810 2285 et
1883 2222 2127 2286 D’num
2201 2220 2515 2286 Thomam
2586 2221 2665 2286 de
2741 2221 3016 2298 Chauci,

725 2318 1058 2381 dominum
1105 2318 1187 2383 (19
1232 2319 1647 2403 Scripenbek,
1679 2342 1760 2386 ex
1805 2321 2008 2386 altera
2031 2320 2346 2387 z—Videl.
2395 2321 2570 2405 quod
2615 2341 2762 2385 cum
2792 2321 3015 2385 Adam

726 2417 806 2482 de
839 2418 1086 2482 Chauci
1131 2418 1211 2483 de
1259 2419 1656 2484 Scrideubek
1704 2420 2044 2485 detulisset
2088 2422 2412 2506 quoddam
2442 2422 2634 2486 breve
2665 2442 2850 2484 novae
2881 2422 3013 2484 dis-

726 2518 981 2585 saisinae
1011 2539 1204 2603 super
1245 2519 1437 2604 praed.
1471 2520 1795 2587 Abbatem
1830 2521 1909 2586 de
1955 2542 2301 2587 communa
2344 2528 2625 2606 pasturae
2668 2520 3011 2604 cujusdam

725 2621 995 2685 culturae
1016 2621 1294 2703 jacentis
1325 2622 1496 2686 inter
1523 2622 1853 2686 fraxinum
1878 2621 1903 2660 ²
1931 2627 1997 2685 et
2028 2622 2253 2686 villam
2299 2623 2380 2687 de
2427 2623 2632 2687 Ponte
2677 2621 2870 2696 Belli,
2897 2642 3016 2705 per

725 2740 1057 2785 assensum
1106 2727 1171 2785 et
1222 2721 1733 2805 procurationem
1785 2721 1991 2805 ipsius
2042 2722 2198 2785 D’ni
2244 2722 2524 2800 Thomae,
2575 2721 2751 2785 idem
2799 2722 3010 2785 D'nus

726 2821 948 2884 Abbas
999 2825 1069 2885 et
1120 2821 1496 2885 Conventus
1549 2826 2002 2886 concesserunt
2054 2822 2229 2904 quod
2289 2821 2546 2884 cultura
2604 2819 2818 2903 praed„
2864 2842 3010 2903 quae

728 2921 973 2984 dudum
1004 2920 1216 2985 fuerat
1245 2928 1413 2986 terra
1443 2921 1723 2997 arabilis,
1746 2922 1959 3005 jaceat
1989 2920 2071 2983 ad
2115 2925 2444 3004 pasturam
2474 2928 2668 3004 prout
2698 2940 3010 2983 consuev-

728 3025 865 3081 erat
893 3023 1179 3102 tempore
1210 3020 1483 3084 aliorum
1513 3020 1866 3097 Abbatum‚
1895 3019 2432 3103 praedecessorum
2462 3040 2743 3095 suorum,
2790 3018 3005 3102 (1221‘)

729 3118 1041 3200 quamdiu
1084 3119 1354 3183 culturae
1398 3126 1466 3185 et
1509 3121 1785 3185 seliones
1826 3119 2443 3197 libere-tenentium,
2475 3119 2582 3184 vel
2625 3119 2902 3183 aliorum
2931 3120 3011 3183 de

727 3216 888 3281 villa
951 3219 1281 3301 praedicta‚
1337 3241 1536 3304 prope
1595 3221 1906 3303 jacentes,
1972 3220 2236 3302 jaceant
2292 3220 2373 3282 ad
2445 3223 2793 3301 pasturam.
2926 3220 3011 3282 Et

727 3316 786 3379 si
846 3318 1178 3401 contingat
1239 3320 1414 3401 quod
1480 3320 1775 3403 praedicti
1819 3324 2115 3383 tenentes
2177 3320 2331 3384 t'ras
2375 3339 2525 3383 suas
2569 3318 3011 3402 coadjacentes

727 3421 988 3479 vertant
1051 3417 1121 3479 in
1170 3422 1405 3481 terram
1480 3419 1804 3496 arabilem,
1867 3418 2040 3501 quod
2113 3418 2304 3502 praed.
2370 3418 2594 3481 Abbas
2667 3424 2735 3481 et
2808 3418 3008 3482 Conv-

729 3512 1050 3575 culturam
1114 3516 1306 3597 praed.
1367 3516 1439 3579 in
1497 3521 1736 3580 terram
1797 3516 2136 3581 arrabilem
2195 3522 2453 3582 vertant
2525 3516 2665 3580 sine
2734 3515 3010 3599 alicujus

730 3610 1235 3676 contradictione
1314 3614 1420 3677 vel
1506 3616 1975 3698 impedimento
2006 3639 2023 3695 ;
2125 3615 2307 3679 salva
2395 3615 2637 3679 eisdem
2727 3616 3012 3678 Domino

731 3710 1008 3774 Roberto
1066 3712 1332 3789 Abbati,
1392 3718 1457 3777 et
1533 3716 1918 3793 Conventui,
1976 3721 2240 3779 vestuta
2298 3714 2477 3778 bladi
2535 3715 2884 3778 crescentis
2945 3716 3013 3778 in

731 3809 985 3875 cultura
1035 3811 1358 3895 praedicta.
1449 3814 1536 3877 Et
1596 3835 1713 3897 pro
1761 3815 1882 3879 hac
1935 3815 2345 3879 concessione
2388 3814 2740 3898 praedictus
2803 3814 3014 3876 D’nus

732 3911 1007 3974 Thomas
1082 3910 1161 3975 de
1222 3910 1469 3975 Chauci
1529 3914 1848 3977 concessit
1907 3919 1974 3978 et
2033 3913 2411 3996 manucepit
2486 3912 2660 3995 quod
2733 3910 3014 3975 salvabit

731 4016 1059 4074 vesturam
1100 4009 1280 4074 illius
1329 4009 1597 4075 culturae
1642 4012 1799 4075 anni
1844 4012 2181 4095 praesentis
2227 4011 2308 4076 ad
2354 4032 2515 4095 opus
2560 4010 3012 4093 praedictorum

731 4109 887 4172 D’ni
939 4110 1221 4188 Roberti,
1268 4110 1559 4187 Abbatis,
1603 4118 1671 4175 et
1730 4111 2107 4176 Conventus
2156 4112 2398 4195 absque
2458 4110 2854 4175 detractione
2908 4111 3012 4173 vel

733 4207 1102 4292 calumpnia
1145 4209 1251 4273 vel
1301 4209 1523 4293 aliqua
1571 4208 2023 4288 diminutione,
2075 4215 2141 4274 et
2189 4210 2388 4274 faciet
2435 4208 2756 4273 retrahere
2774 4205 2801 4244 ³
2846 4208 3010 4271 illud

731 4307 922 4371 breve
952 4329 1137 4371 novae
1168 4308 1549 4391 dissaysinae
1578 4307 1752 4391 quod
1780 4308 2128 4392 praedictus
2158 4308 2370 4372 Adam
2399 4307 2778 4391 impetravit
2821 4327 3011 4390 super

803 4430 823 4465 ¹
862 4432 1064 4485 Robert
1110 4434 1177 4484 de
1236 4433 1491 4501 Langtoft
1539 4434 1826 4485 sucoeeded
1868 4433 2105 4485 william
2155 4432 2223 4484 de
2272 4433 2546 4484 Briniston
2596 4431 2737 4494 (who
2783 4430 2911 4481 died
2956 4431 3009 4481 in

737 4516 913 4577 1265),
941 4516 1045 4565 and
1070 4515 1194 4565 died
1219 4517 1272 4565 in
1306 4518 1456 4571 1278.

803 4594 825 4627 ²
860 4598 958 4646 See
984 4597 1082 4646 No.
1110 4598 1215 4648 364
1241 4598 1341 4647 aud
1370 4601 1507 4649 note.
2476 4596 2499 4630 ³
2532 4596 2826 4647 mer-ahere.
