3285 5121
674 550 797 610 282
1052 559 1594 612 CARTULARIUM
1630 557 2039 611 ABBATHIAE
2074 557 2173 609 DE
2204 557 2579 610 WHITEBY.

669 724 929 807 maJoris
976 725 1662 789 excommunicationis
1707 743 1903 807 quam
1951 742 2032 786 ex
2076 743 2253 786 nunc
2303 723 2376 786 in
2421 721 2680 805 scriptis
2732 721 2969 785 fulmi-

669 844 900 888 namus
938 824 1011 887 in
1053 843 1276 888 omnes
1321 823 1467 888 illos
1511 843 1731 887 eorum
1774 824 2077 898 fautores,
2107 820 2507 885 consiliarios
2552 827 2618 885 et
2662 828 2970 885 auctores

667 924 784 1007 qui
835 924 1078 988 dictam
1135 924 1527 988 sententiam
1588 921 1800 1006 (109b)
1863 923 2249 997 subvertere,
2299 920 2694 1004 perturbare,
2746 919 2967 1003 ipsius

666 1024 968 1088 effectum
987 1023 1315 1106 impedire,
1334 1023 1649 1088 contraire
1667 1022 2202 1105 qualitercunque
2220 1027 2639 1104 praesumunt.
2701 1020 2963 1082 Datum

670 1121 844 1205 apud
902 1124 1135 1206 Ripon‚
1194 1122 1273 1187 A.
1338 1123 1419 1186 D.
1480 1122 1828 1186 millesimo
1887 1130 2035 1185 ccmo
2093 1121 2492 1204 sexagesimo
2545 1125 2798 1203 quarto,
2852 1119 2966 1182 die

671 1221 940 1287 Veneris
970 1223 1263 1306 proximo
1291 1228 1440 1306 post
1466 1222 1508 1287 f.
1543 1221 1730 1286 Beati
1759 1224 1806 1287 J
1808 1222 2084 1286 ohannis
2116 1221 2459 1285 Beverlaci,

1076 1470 1576 1537 CCCXXXIII.
1622 1471 1797 1535 Am
1828 1486 2041 1536 canu
2073 1486 2159 1535 nn
2190 1470 2545 1536 Cnossnsr.

763 1651 844 1714 In
874 1650 1134 1715 nomine
1157 1649 1366 1714 Patris
1398 1656 1464 1714 et
1507 1648 1659 1712 Filii
1692 1654 1757 1713 et
1787 1648 2065 1732 Spiritus
2098 1648 2337 1724 Sancti,
2366 1647 2595 1711 Amen.
2685 1646 2957 1711 Auditis

675 1756 742 1813 et
792 1748 1140 1814 intellectis
1190 1749 1438 1814 meritis
1491 1768 1699 1812 causae
1745 1747 2198 1831 appellationis
2251 1767 2397 1830 quae
2447 1746 2723 1810 vertitur
2781 1746 2960 1809 inter

674 1847 917 1911 D’num
958 1848 1283 1912 Abbatem
1329 1847 1408 1912 de
1438 1846 1747 1930 Whiteby
1776 1852 1845 1911 et
1886 1845 2176 1929 ejusdem
2219 1844 2345 1909 loci
2390 1845 2609 1922 Conv.,
2638 1865 2722 1908 ex
2766 1852 2955 1928 parte

675 1967 825 2024 una,
854 1953 921 2010 et
949 1946 1161 2010 Adam
1192 1946 1271 2010 de
1300 1944 1841 2029 Waythamsted,¹
1874 1944 2316 2028 capellanum,
2345 1944 2460 2028 qui
2488 1964 2558 2007 se
2586 1944 2958 2026 opponebat

676 2044 917 2108 eisdem
946 2063 1234 2108 asserens
1264 2064 1334 2108 se
1368 2044 1480 2125 jus
1509 2043 1745 2107 habere
1787 2043 1860 2107 in
1890 2043 2132 2108 vicaria
2174 2042 2460 2107 ecclesiae
2504 2043 2583 2107 de
2631 2043 2955 2125 Grosseby

676 2140 1192 2215 Ravenswarthe,
1243 2140 1513 2205 Karliol.
1564 2140 1908 2218 dioceseos,
1957 2163 2150 2226 super
2206 2142 2727 2225 augmentatione
2781 2143 2958 2206 facta

674 2239 962 2322 ejusdem
985 2238 1240 2304 vicariae
1260 2239 1341 2303 de
1369 2239 1521 2304 lana
1548 2246 1616 2303 et
1645 2241 1847 2323 agnis,
1864 2263 1979 2325 per
2008 2241 2347 2307 officialem
2375 2242 2647 2305 Domini
2677 2241 2952 2305 Karliol.

676 2346 743 2404 et
780 2338 1329 2403 Archidiaconum
1374 2338 1665 2416 Karliol.,
1694 2341 1934 2424 quibus
1978 2341 2279 2406 dominus
2324 2339 2747 2425 R[obertus],²
2776 2362 2955 2405 nunc

679 2438 946 2504 Karliol.
991 2436 1208 2523 Ep'us‚
1251 2439 1457 2523 J’udex
1500 2459 1541 2503 a
1582 2440 1868 2505 Domino
1921 2441 2099 2524 Papa
2150 2441 2497 2524 delegatuS,
2543 2441 2955 2505 commiserat

672 2559 867 2624 super
915 2539 1038 2605 hoc
1081 2538 1256 2605 vices
1316 2559 1482 2618 suas,
1527 2539 1684 2618 Nos,
1731 2539 2046 2625 Magister
2103 2540 2468 2624 Hospitalis
2529 2540 2844 2625 Riponiae,
2888 2549 2957 2605 et

676 2642 982 2706 Decanus
1041 2640 1560 2706 Christianitatis
1632 2640 1758 2705 loci
1829 2641 2139 2728 ejusdem,
2210 2646 2503 2724 gerentes
2561 2642 2736 2705 vices
2794 2642 2957 2704 D’ni

677 2741 917 2805 Prioris
961 2740 1042 2805 de
1089 2739 1414 2804 Kirkham
1455 2746 1523 2805 et
1574 2740 1659 2803 D'
1660 2741 1730 2803 ni
1778 2740 2075 2824 Hugonis
2115 2739 2194 2804 de
2246 2739 2627 2818 Roderham,
2651 2741 2956 2824 judicum

677 2839 1138 2925 principalium
1180 2861 1220 2904 a
1265 2839 1427 2905 Sede
1471 2838 1850 2923 Apostolica
1894 2838 2369 2922 deputatorum,
2412 2838 2673 2903 domino
2717 2839 2956 2904 Archi-

677 2940 944 3005 diacono
995 2939 1322 3016 Dunelm„
1321 2939 1349 2978 ⁸
1398 2940 1590 3003 tertio
1638 2959 1862 3003 eorum
1914 2938 2270 3021 conjudice,
2299 2938 2383 3003 ad
2433 2945 2640 3002 totam
2690 2960 2953 3004 causam

678 3039 964 3123 legitime
1008 3044 1329 3114 excusatO,
1353 3037 1519 3121 J'uris
1542 3037 1814 3102 ordine'
1794 3058 1865 3100 m
1895 3037 2195 3101 onmibus
2225 3043 2292 3101 et
2334 3056 2450 3120 per
2478 3038 2695 3102 omnia
2739 3039 2953 3103 obser·

677 3145 844 3214 vato,
875 3157 1025 3201 cum
1065 3141 1317 3201 constet
1359 3136 1546 3200 nobis
1590 3135 1958 3218 proelibatos
2002 3135 2330 3199 Abbatem
2373 3142 2442 3200 et
2486 3136 2688 3201 Conv.
2732 3137 2956 3221 appel-

676 3237 986 3301 lationem
1015 3242 1083 3301 et
1111 3237 1250 3320 ejus
1280 3255 1539 3300 causam
1567 3234 1853 3318 legitime
1883 3235 2475 3318 probavisse—scil.
2506 3256 2574 3299 se
2604 3235 2687 3299 ad
2719 3236 2953 3301 Sedem

678 3335 1117 3418 Apostolicam
1162 3334 1451 3417 legitime
1502 3333 1860 3417 appellasse
1901 3334 1983 3397 ab
2030 3334 2307 3398 Officiali
2351 3340 2419 3399 et
2461 3333 2956 3410 Archidiacono,

681 3432 1151 3498 Commissariis
1180 3432 1488 3516 Episcopi
1519 3431 1858 3515 praelibati,
1887 3452 1962 3496 eo
2007 3432 2182 3516 quod
2224 3432 2533 3497 vicariam
2576 3433 2957 3516 praedictam

680 3531 859 3614 prius
917 3531 1306 3595 sufficienter
1363 3551 1477 3614 per
1533 3531 1719 3595 bonae
1776 3533 2100 3596 memoriae
2157 3531 2566 3610 Walterum,⁴
2624 3535 2955 3616 quondam

683 3628 963 3694 Karleol.
988 3629 1240 3712 Ep'um,
1267 3634 1558 3693 taxatam
1600 3629 1674 3693 in
1716 3630 1868 3695 lana
1911 3638 1979 3696 et
2021 3632 2220 3716 agnis,
2249 3632 2536 3697 indebite
2578 3641 2955 3718 augmenta-

681 3733 915 3795 verunt
941 3728 1165 3814 innon
1184 3727 1509 3791 modicum
1540 3728 1859 3792 dictorum
1889 3731 2162 3796 Abbatis
2185 3737 2251 3795 et
2282 3731 2481 3796 Conv.
2504 3732 2655 3816 praej
2664 3733 2954 3797 udicium

682 3837 749 3895 et
793 3848 1154 3914 gravamen,
1179 3829 1398 3891 Deum
1428 3826 1738 3893 habentes
1783 3849 1896 3912 pro
1918 3828 1945 3867 ⁶
1974 3829 2196 3907 oculis,
2218 3830 2737 3914 jurisperitorum
2780 3852 2958 3896 com-

683 3929 1012 3995 municato
1039 3927 1323 4005 consilio,
1354 3947 1468 4010 pro
1503 3928 1832 4010 praedictis
1862 3929 2296 4013 appellatione
2325 3937 2393 3995 et
2422 3931 2560 4014 ejus
2589 3951 2784 3997 causa
2810 3951 2958 4014 pro-

683 4030 1078 4107 nuntiamuS,
1106 4028 1392 4113 ipsorum
1427 4026 1735 4092 Officialis
1771 4030 1826 4110 (1
1847 4030 1949 4110 10)
1997 4036 2066 4093 et
2092 4029 2551 4096 Archidiaconi
2579 4039 2957 4114 augmenta·

752 4189 769 4224 ¹
810 4192 907 4243 See
932 4193 1028 4244 No.
1062 4194 1182 4253 312,
1211 4190 1315 4241 last
1337 4190 1487 4254 deod,
1511 4189 1616 4240 and
1640 4189 1741 4240 No.
1770 4191 1889 4242 335.

753 4272 776 4307 ²
811 4275 1015 4326 Robert
1048 4275 1115 4326 de
1149 4274 1371 4335 Ohause,
1415 4290 1476 4325 or
1509 4273 1770 4337 chemy,
1811 4272 2017 4324 elected
2058 4272 2212 4342 1252,
2257 4273 2599 4325 consecrated
2640 4276 2774 4326 1258
2802 4292 2817 4336 ;
2870 4277 2947 4328 ob.

687 4358 836 4412 1278.
1295 4349 1298 4352 ¹
1986 4354 2009 4389 ⁸
2044 4356 2247 4407 Robert
2271 4357 2337 4407 de
2361 4357 2413 4408 S.
2442 4357 2665 4423 Agatha.

753 4438 775 4472 ⁴
810 4440 1016 4492 Walter
1039 4439 1330 4502 Mauclerk,
1357 4442 1509 4497 1223.
1537 4438 1778 4506 resigned
1809 4440 1974 4499 1246;
2006 4440 2079 4490 ob.
2114 4441 2263 4491 1248.
2328 4441 2426 4490 See
2450 4440 2549 4491 No.
2580 4442 2683 4492 313
2712 4443 2778 4504 (p.
2808 4442 2954 4502 262).

749 4521 773 4555 ⁵
801 4540 909 4587 per.
