3285 5121
674 608 755 665 18
1034 614 1580 668 CARTULARIUM
1616 616 2025 668 ABBATHIAE
2061 615 2159 667 DE
2194 616 2570 668 WHITEBY.

338 788 480 837 Nich-
508 790 569 837 do
677 782 735 846 S.
770 782 947 846 Petri
976 788 1043 845 et
1087 780 1148 845 S.
1199 781 1438 864 Hyldae
1469 779 1550 844 de
1579 780 1912 863 Whiteby,
1941 801 2057 865 pro
2103 781 2312 845 salute
2356 802 2409 845 a.
2441 801 2601 845 meae
2646 788 2714 846 et
2756 803 2873 866 pro
2903 803 2951 847 s.

338 849 560 955 Οῗζζοίῗ
676 882 894 946 uxoris
938 900 1115 956 meae,
1161 885 1226 945 et
1273 881 1564 943 omnium
1613 879 1967 943 amicorum
2013 900 2320 956 meorum,
2366 885 2432 944 et
2479 884 2951 945 antecessorum

341 968 649 1084 ulmal-&3⁰
676 1000 979 1056 meorum,
1023 979 1345 1044 redditum
1392 999 1507 1044 sex
1553 978 1962 1043 denariorum
2005 980 2078 1042 in
2123 977 2226 1042 die
2271 978 2496 1042 Natali
2539 978 2831 1058 Domini,
2875 980 2956 1045 de

339 1085 621 1191 {hrzsszssey
675 1099 779 1143 me
823 1084 889 1143 et
932 1078 1080 1142 haer.
1116 1079 1278 1143 meis
1322 1080 1392 1142 in
1434 1100 1610 1164 perp.
1644 1078 2218 1162 suscipiendorum,
2263 1077 2344 1142 de
2388 1078 2505 1142 ino
2550 1078 2742 1143 videl.
2788 1081 2953 1145 tofto

339 1203 438 1261 su„
463 1206 549 1250 out
570 1204 626 1251 of
676 1178 849 1262 quod
878 1186 1065 1243 teneo
1095 1180 1165 1241 in
1196 1178 1357 1242 villa
1380 1178 1459 1242 de
1491 1179 1805 1261 Whiteby
1829 1178 1908 1243 de
1940 1177 2256 1242 Nicholao
2289 1178 2520 1242 Bussel
2549 1184 2616 1242 et
2635 1178 2783 1244 haer.
2816 1181 2949 1244 suis

339 1262 544 1368 ζξθὴξῖῗ
557 1326 610 1370 at
673 1278 746 1340 in
789 1277 974 1341 feodo
1017 1278 1218 1354 firma,
1248 1277 1422 1362 quod
1466 1282 1566 1342 est
1608 1278 1978 1361 proximum
2024 1276 2247 1341 domui
2293 1298 2439 1361 quae
2481 1278 2613 1341 fuit
2655 1277 2948 1343 Ricardi¹

340 1380 564 1441 Whitby.
673 1376 944 1441 Brande.
1036 1377 1171 1461 Ego
1201 1398 1350 1442 vero
1382 1383 1447 1442 et
1489 1377 1636 1441 haer.
1669 1377 1798 1441 mei
1840 1376 2035 1439 istam
2078 1375 2491 1441 donationem
2522 1397 2665 1441 war.
2696 1377 2838 1441 Deo
2882 1385 2949 1442 et

672 1476 935 1540 alniario
966 1482 1034 1541 et
1061 1476 1251 1561 praed.
1279 1479 1449 1543 Eccl.
1482 1479 1542 1543 S.
1569 1479 1640 1543 P.
1674 1484 1741 1541 et
1772 1477 1832 1541 S.
1864 1475 1949 1538 H.
1983 1474 2062 1539 de
2092 1475 2242 1541 Wh.
2276 1497 2327 1541 c.
2360 1498 2413 1541 o.
2446 1476 2510 1541 h.
2540 1482 2606 1540 et
2635 1477 2943 1541 faeminas.

669 1576 757 1639 Et
807 1584 883 1641 ut
929 1576 1068 1640 haec
1114 1577 1375 1641 donatio
1402 1597 1549 1641 mea
1582 1579 1723 1639 rata
1772 1575 1860 1638 sit
1912 1581 1980 1639 et
2031 1575 2301 1653 stabilis,
2344 1597 2437 1660 pr.
2487 1596 2602 1640 scr.
2655 1576 2767 1660 sig.
2813 1577 2944 1640 mei

667 1675 1087 1759 impressione
1145 1676 1559 1740 corroboravi.
1682 1674 1834 1737 Hiis
1893 1674 2188 1739 testibus.
2294 1675 2625 1740 Willelmo
2682 1676 2938 1741 Lambe.

668 1774 912 1859 Rogero
973 1774 1053 1839 de
1126 1775 1476 1838 Lincolnia.
1568 1774 1851 1838 Roberto
1911 1773 2110 1838 fratre
2169 1775 2326 1859 ejus,
2414 1775 2745 1839 Willelmo
2802 1776 2937 1840 filio

666 1875 1029 1957 Freyesent.
1118 1874 1265 1937 Ada
1282 1873 1478 1938 fratre
1509 1874 1665 1958 ejus.
1743 1874 2023 1938 Roberto
2056 1874 2421 1957 capellano
2498 1875 2741 1958 Rogero
2774 1876 2932 1940 Pru·

667 1974 823 2038 dum
845 1999 861 2053 3
920 1978 985 2037 et
1014 1973 1177 2037 aliis.

838 2211 899 2275 X
908 2213 1019 2276 IV.

326 2392 565 2512 {gg-ing?
750 2400 1087 2464 Universis
1133 2401 1193 2464 S.
1241 2401 1473 2465 Matris
1517 2400 1687 2466 Eccl.
1721 2401 1872 2466 filiis
1917 2401 1997 2465 ad
2042 2422 2204 2486 quos
2247 2422 2339 2486 pr.
2371 2423 2421 2467 c.
2453 2423 2627 2486 perV.
2660 2403 2936 2470 Thomas

323 2511 602 2620 ῗέιῦιγὲἰίῖξε
659 2498 738 2564 (16
787 2499 1246 2614 Berningham·
1278 2501 1358 2615 de
1395 2501 1729 2586 Whiteby,
1782 2502 1959 2567 filius
2018 2501 2285 2567 Roberti
2336 2500 2416 2566 de
2476 2503 2934 2587 Berningham‚

323 2644 353 2676 ὅ
373 2632 542 2690 yearly
572 2588 605 2633 y
657 2599 949 2666 salutem.
1010 2602 1078 2664 N
1079 2608 1343 2666 oventis
1367 2623 1469 2666 me
1490 2602 1547 2667 d.
1573 2623 1622 2666 6.
1652 2608 1717 2667 et
1744 2623 1836 2687 pr.
1864 2624 1914 2668 6.
1939 2622 2084 2667 mea
2113 2604 2276 2667 conf.
2306 2602 2447 2667 Deo
2478 2607 2545 2667 et
2572 2603 2742 2667 Eccl.
2770 2602 2833 2669 S.
2857 2605 2926 2669 P.

322 2692 503 2807 {gfff
658 2706 724 2765 et
745 2702 805 2766 S.
831 2701 914 2766 H.
940 2700 1020 2765 (16
1041 2701 1337 2785 Whitby,
1361 2707 1426 2766 et
1455 2702 1842 2766 Praecentori
1861 2702 1976 2786 qui
2004 2723 2120 2786 pro
2143 2708 2430 2785 tempore
2460 2701 2673 2779 fuerit,
2701 2700 2825 2787 (3b)
2847 2703 2928 2767 ad

656 2801 1170 2865 emendationem
1213 2801 1540 2878 librorum,
1567 2801 1894 2866 redditum
1943 2801 2163 2866 decem
2208 2807 2276 2866 et
2317 2806 2459 2866 octo
2504 2800 2929 2878 denariorum,

655 2922 769 2984 per
826 2922 1089 2977 annum,
1140 2901 1306 2965 med.
1366 2900 1450 2965 ad
1523 2901 1956 2966 Pentecosten
2014 2905 2082 2965 et
2139 2901 2333 2965 aliam
2392 2899 2557 2966 med.
2616 2900 2699 2965 ad
2758 2899 2801 2965 f.
2863 2902 2928 2966 S.

655 3001 928 3065 Martini
971 3001 1040 3064 in
1086 3001 1336 3084 hyeme,
1383 3000 1462 3064 de
1506 3000 1790 3083 quodam
1834 2999 2104 3063 dimidio
2148 3000 2312 3064 tofto
2355 3001 2489 3065 t’rae
2531 3001 2605 3064 in
2632 3001 2930 3086 Whitby,

318 3110 526 3169 paysble
542 3117 631 3185 qut
654 3100 724 3163 in
771 3102 915 3164 vico
963 3100 1078 3183 qui
1128 3106 1396 3164 vocatur
1439 3099 1645 3176 Flore,
1676 3098 1849 3182 quod
1895 3105 2079 3182 pater
2127 3118 2310 3162 meus
2362 3100 2593 3164 habuit
2636 3101 2715 3165 de
2760 3102 2929 3166 dono

318 3170 539 3288 {¹13thst
559 3187 610 3219 ¹¹¹
654 3198 918 3261 Thomae
966 3199 1044 3261 de
1093 3198 1477 3281 Anelagby3
1530 3203 1597 3260 et
1640 3199 1820 3279 jacet
1869 3199 2041 3260 inter
2089 3196 2278 3259 t'ram
2325 3197 2761 3261 Bai-tholomei
2804 3199 2926 3261 filii

652 3296 1027 3372 Alexandri,
1058 3316 1141 3359 ex
1185 3303 1366 3378 parte
1398 3295 1716 3372 orientali,
1747 3301 1816 3360 et
1858 3297 2044 3359 t'ram
2089 3295 2350 3358 Radulfi
2393 3296 2472 3359 de
2517 3296 2815 3372 Piscaria,
2845 3316 2928 3360 ex

317 3386 629 3506 flssnffpssigial
652 3400 833 3478 parte
886 3393 1308 3472 occidentali3
1378 3394 1472 3457 ita
1521 3393 1716 3458 videL
1772 3394 1947 3477 quod
2004 3412 2240 3457 novem
2289 3392 2536 3458 denarii
2596 3393 2676 3458 (16
2734 3394 2927 3459 dictis

353 3505 428 3562 τι,
450 3506 547 3552 and
653 3492 1009 3557 octodecim
1061 3493 1195 3556 sint
1241 3491 1610 3575 specialiter
1652 3492 1732 3556 de
1776 3494 1944 3558 dono
1975 3512 2136 3567 mec,
2169 3497 2237 3556 et
2265 3492 2381 3556 alii
2410 3511 2646 3558 novem
2677 3493 2925 3558 denarii

318 3564 627 3683 v‘ildugffdue
653 3593 732 3657 (16
761 3594 964 3657 veteri
993 3592 1176 3656 firma
1205 3592 1379 3656 dicto
1410 3592 1796 3657 Praecentori
1849 3593 1931 3657 de
1960 3592 2153 3677 praed.
2206 3592 2371 3656 tofto
2416 3592 2648 3658 debita.
2737 3593 2825 3656 Et
2869 3595 2926 3658 si

314 3684 483 3788 ξξῆξῑ
499 3684 607 3730 md
652 3693 984 3776 contingat
1013 3692 1187 3776 quod
1216 3713 1331 3776 per
1358 3712 1465 3756 me
1494 3692 1600 3756 vel
1623 3692 1909 3776 aliquem
1937 3692 2086 3756 haer.
2107 3711 2395 3756 meorum
2422 3694 2927 3777 praenominat-us

649 3793 938 3858 redditus
1018 3814 1057 3856 a
1129 3797 1298 3856 retro
1373 3788 1602 3856 fuerit²
1683 3792 1902 3876 aliquo
1963 3812 2135 3868 casu,
2198 3791 2423 3857 licebit
2490 3793 2682 3877 praed.
2756 3793 2927 3857 Prae-

648 3892 896 3958 centori
925 3891 1115 3977 praed.
1147 3891 1386 3956 toftum
1430 3890 1679 3976 ingredi
1708 3897 1774 3956 et
1816 3891 1889 3955 in
1917 3912 2119 3956 manu
2161 3912 2280 3956 sua
2321 3897 2543 3956 tenere
2585 3913 2925 3977 quousque

648 4066 905 4120 Charlton
929 4083 1163 4119 assumes
1187 4067 1281 4118 the
1304 4066 1432 4118 date
1456 4067 1515 4117 of
1554 4065 1666 4117 this
1701 4065 1837 4118 deod
1872 4070 1932 4118 to
1967 4067 2034 4116 be
2056 4066 2224 4118 about
2257 4065 2432 4132 thirty
2454 4081 2607 4133 years
2628 4066 2768 4116 later
2788 4065 2922 4117 than

645 4151 769 4203 that
791 4152 849 4202 of
881 4150 1119 4202 william
1143 4150 1210 4200 de
1234 4149 1404 4214 Percy
1427 4148 1495 4200 de
1520 4148 1762 4214 Duusley
1786 4148 2064 4210 aforesaid,
2093 4165 2154 4200 or
2190 4148 2355 4200 about
2392 4151 2531 4205 1170
2554 4148 2836 4216 according
2869 4153 2928 4200 to

646 4235 731 4286 his
755 4235 1060 4301 reckoning.
1136 4233 1250 4284 The
1286 4233 1429 4294 date,
1460 4233 1724 4295 however,
1762 4233 1809 4283 ia
1844 4237 1904 4284 at
1939 4233 2078 4284 least
2115 4232 2292 4298 thirty
2328 4248 2389 4283 or
2422 4232 2571 4298 ἔοι-ιγ
2604 4248 2759 4299 years
2792 4233 2932 4284 later

644 4320 777 4371 than
803 4317 1258 4384 that—probably
1286 4332 1448 4369 more.
1525 4315 1639 4366 The
1665 4314 1857 4366 widow
1882 4316 1939 4367 of
1972 4315 2211 4367 William
2236 4315 2450 4379 Lambe,
2472 4316 2569 4367 the
2591 4315 2709 4368 first
2732 4331 2924 4383 among

644 4403 739 4455 the
764 4403 1054 4465 witnesses,
1080 4400 1226 4468 gives
1265 4399 1468 4451 certain
1502 4397 1661 4450 landa
1696 4402 1755 4449 to
1779 4398 2009 4464 Whitby
2033 4398 2117 4449 for
2149 4398 2242 4450 the
2278 4398 2398 4450 soul
2433 4399 2490 4449 of
2524 4399 2623 4451 her
2655 4399 2764 4451 late
2801 4399 2924 4450 hus·

646 4486 785 4536 band
811 4485 1005 4551 during
1022 4484 1115 4535 the
1140 4482 1490 4548 incumbency
1513 4482 1569 4532 of
1591 4481 1777 4532 Abbot
1801 4483 1976 4549 Roget
2004 4484 2366 4546 (1222-1244).

716 4568 735 4601 ¹
773 4570 1015 4621 Ricardo.
2443 4563 2466 4597 ²
2501 4566 2638 4620 Esse.
