3285 5121
684 583 1226 636 GARTULARIUM
1261 583 1667 634 ABBATHIAE
1703 584 1801 634 DE
1834 583 2205 635 WHITEBY.
2456 572 2579 632 317

313 745 914 829 [l]ectae,etaddicti
923 745 1805 812 MonasteriiThesaurarium
1814 746 2164 830 deportatae
2174 748 2588 832 etassignatae

311 846 572 924 fuerint,
602 847 1052 910 communibus
1084 847 1384 910 omnibus
1414 853 1481 911 et
1511 847 1811 930 expensis
1842 848 2215 912 necessariis
2247 847 2590 911 cotidianis

314 945 627 1023 deductis,
671 946 860 1009 dictae
903 946 1211 1030 pecuniae,
1264 946 1434 1011 sicut
1485 947 1921 1029 praemittitur,
1969 947 2050 1009 ad
2095 946 2587 1009 Thesaurarium

313 1044 719 1128 consignatae,
779 1045 962 1108 nullo
1021 1043 1228 1121 modo,
1289 1045 1471 1109 nulla
1528 1045 2028 1128 ymaginatione,
2081 1046 2429 1120 occasione,
2474 1065 2590 1108 seu

313 1145 522 1209 colore
565 1144 857 1228 quaesito,
885 1144 1040 1208 inde
1082 1144 1492 1227 recipiantur,
1536 1143 1868 1220 tollantur,
1899 1144 2036 1207 sive
2074 1144 2448 1207 auferantur
2474 1165 2589 1227 per

312 1243 666 1327 quemlibet
696 1243 1092 1319 officiarium,
1123 1263 1239 1308 seu
1268 1243 1471 1306 alium
1516 1243 1960 1327 cujuscunque
1989 1243 2151 1320 vice,
2187 1244 2589 1320 auctoritate,

305 1342 614 1426 jussione,
642 1343 995 1419 voluntate,
1018 1343 1156 1407 sive
1184 1341 1506 1419 mandate,
1536 1342 1668 1406 nisi
1712 1343 1924 1426 quoad
1952 1363 2110 1408 usus
2140 1343 2297 1407 dicti
2329 1343 2588 1407 Menas-

313 1443 463 1507 terii
509 1443 895 1508 necessarios
943 1450 1011 1507 et
1052 1443 1420 1526 inopinatos
1465 1450 1880 1526 emergentes,
1933 1463 2047 1507 seu
2092 1443 2174 1507 ad
2220 1443 2588 1508 evidentem

314 1543 603 1626 ejusdem
633 1542 1018 1606 Monasterii
1061 1542 1418 1606 utilitatem
1447 1542 1767 1605 duntaxat
1812 1543 2293 1625 approbandam
2323 1548 2389 1607 et
2418 1563 2590 1606 com·

314 1640 745 1725 probandam¹
788 1661 903 1724 per
944 1640 1362 1723 praesidentes
1407 1646 1473 1705 et
1515 1641 1719 1704 totius
1751 1639 2142 1717 Conventus,
2173 1661 2286 1705 seu
2331 1642 2590 1725 majoris

315 1739 517 1824 partis
548 1740 837 1822 ejusdem
867 1739 1267 1817 Monasterii‚
1291 1759 1639 1804 consensus
1663 1739 2010 1804 deliberate
2040 1746 2104 1805 et
2128 1739 2401 1804 discrete
2431 1761 2590 1822 prae-

313 1840 522 1917 stitos,
551 1847 618 1904 et
661 1845 818 1903 tunc
848 1838 1113 1902 demum
1156 1839 1351 1902 etiam
1383 1859 1530 1903 cum
1559 1838 1750 1903 dictae
1794 1839 2226 1917 necessitates,
2256 1859 2442 1903 casus
2484 1839 2592 1903 vel

316 1938 635 2002 utilitates
687 1936 834 2001 aliis
886 1937 1074 2011 bonis
1127 1942 1194 2001 et
1240 1936 1776 2020 possessionibus,
1825 1957 1940 2002 seu
1993 1937 2271 2016 aliunde,
2321 1938 2590 2003 minime

315 2037 598 2120 poterint
627 2035 915 2113 relevari,
945 2035 1271 2113 sustineri,
1301 2037 1438 2101 sive
1475 2035 1848 2101 remediari:
1896 2043 1963 2101 et
1991 2037 2164 2122 quod
2205 2037 2592 2103 universalis

314 2143 525 2201 status
555 2136 937 2203 Monasterii
981 2136 1055 2200 in
1085 2136 1388 2219 Capitulo
1433 2136 1593 2201 dicti
1637 2137 2022 2202 Monasterii
2065 2136 2265 2202 semel
2306 2137 2380 2202 in
2423 2159 2592 2202 anno

316 2236 690 2302 declaretur.
779 2236 866 2300 Et
894 2234 979 2299 ad
1023 2235 1494 2299 observandum
1522 2235 1897 2318 praedictam
1941 2235 2429 2315 ordinationem,
2459 2259 2595 2315 nos,

319 2335 516 2412 Prior,
545 2340 611 2398 et
637 2334 947 2418 praedicti,
976 2354 1201 2399 omnes
1231 2339 1298 2399 et
1327 2334 1586 2417 singuli,
1621 2335 1925 2399 monachi
1953 2341 2021 2399 et
2050 2335 2403 2401 confratres
2433 2336 2594 2400 dicti

319 2433 395 2496 M
397 2434 721 2509 onasterii,
751 2453 929 2516 pure,
950 2433 1154 2497 libere
1182 2438 1250 2497 et
1278 2439 1525 2515 sponte,
1554 2440 1621 2498 et
1648 2434 1720 2497 in
1743 2453 2153 2516 quocumque
2181 2440 2377 2512 statu,
2393 2435 2596 2518 gradu

318 2538 385 2597 et
413 2530 653 2596 honore
682 2531 1012 2606 fuerimus,
1031 2531 1102 2595 in
1130 2531 1473 2613 praesentia
1502 2532 1738 2596 notarii
1759 2531 2007 2617 publici
2036 2536 2103 2597 et
2130 2533 2398 2597 testium
2426 2534 2596 2597 infra

318 2630 721 2713 scriptorum,
750 2628 833 2693 ad
878 2626 1039 2692 ora’2
1081 2628 1226 2704 Dei,
1257 2628 1595 2712 evangelia
1638 2649 1755 2712 per
1784 2649 1900 2693 nos
1940 2638 2007 2693 et
2050 2629 2406 2712 quemlibet
2447 2651 2595 2694 nos-

319 2734 495 2793 trum
525 2727 936 2811 corporaliter
963 2733 1155 2804 tacta,
1190 2727 1486 2810 juramus
1517 2732 1582 2791 et
1609 2735 1992 2810 praestamus
2032 2733 2100 2793 et
2127 2728 2405 2811 quilibet
2448 2750 2596 2794 nos-

319 2835 495 2893 trum
516 2829 696 2911 jurat
725 2836 792 2891 et
821 2832 1087 2909 praestat
1114 2834 1608 2904 sacramentum,
1639 2834 1707 2891 et
1734 2847 1928 2911 super
1955 2827 2284 2910 praemissa
2311 2829 2595 2911 petimus

321 2948 525 2992 unum
577 2925 684 2990 vel
736 2925 924 3008 plura
974 2924 1112 2989 fieri
1164 2925 1676 2988 instrumentum
1729 2925 1838 2990 vel
1886 2925 2339 2991 instrumenta.
2427 2928 2597 2992 Acta

320 3029 586 3092 fuerunt
656 3025 795 3090 haec
856 3031 1049 3108 prout
1106 3044 1301 3107 supra
1358 3024 1746 3102 scribuntur,
1803 3024 1926 3089 sub
1985 3044 2173 3101 anne,
2228 3025 2599 3103 indictione,

324 3125 658 3201 Pontifice,
685 3143 926 3200 mense,
949 3124 1073 3201 die,
1102 3127 1169 3188 et
1196 3123 1338 3188 loco
1367 3122 1710 3207 praedictis,
1754 3124 2176 3207 praesentibus
2206 3124 2598 3190 Reverendis

324 3231 390 3290 et
420 3223 714 3289 discretis
736 3222 1296 3307 viris—Magistro
1319 3222 1563 3286 Thoma
1584 3222 1665 3287 de
1685 3222 2151 3307 Walkyngton‚
2176 3222 2340 3287 sacri
2362 3224 2599 3288 Palatii

322 3323 684 3407 Apostolici
727 3343 1067 3388 causarum
1101 3321 1431 3399 Auditore,
1460 3329 1527 3386 et
1572 3322 1886 3406 Magistro
1930 3322 2012 3387 de
2056 3322 2355 3400 Newark,
2387 3324 2598 3388 Curiae

324 3423 508 3487 Ebor.
569 3422 898 3498 advocate,
951 3420 1229 3487 testibus
1287 3421 1370 3485 ad
1427 3420 1761 3504 praemissa
1810 3421 2057 3486 vocatis
2112 3422 2476 3505 specialiter
2532 3428 2597 3487 et

321 3522 576 3606 rogatis.

412 3622 522 3706 (13
540 3621 627 3705 1¹²)
674 3622 759 3685 Et
803 3641 939 3706 eg0,
977 3620 1335 3685 Nicholaus
1381 3619 1614 3684 Broun'
1660 3619 1742 3684 de
1770 3620 2250 3704 Esyngewalde‚
2295 3621 2600 3700 Clericus,

327 3722 513 3787 Ebor.
558 3722 881 3786 dioceseos
941 3720 1241 3804 publicus
1293 3720 1675 3784 auctoritate
1734 3720 2042 3795 notarius,
2092 3719 2252 3783 dum
2309 3720 2602 3804 praedicti

323 3823 369 3887 J
372 3822 656 3885 ohannes
695 3820 1012 3897 Allerton‚
1053 3820 1251 3897 Prior,
1303 3839 1377 3883 ac
1431 3839 1652 3883 omnes
1692 3825 1759 3884 et
1793 3819 2034 3903 singuli
2076 3819 2395 3896 monachi,
2440 3820 2600 3885 dicti

324 3921 709 3986 Monasterii
758 3920 1168 3985 Conventum
1212 3919 1349 3984 sive
1396 3918 1774 4002 Capitulum
1819 3918 1979 3983 dicti
2021 3918 2404 3983 Monasterii
2440 3925 2599 3984 tunc

323 4020 649 4096 facientes,
693 4023 769 4082 ut
813 4018 1129 4094 dicebant,
1176 4017 1416 4081 dictam
1461 4017 1948 4094 ordinationem,
1991 4016 2129 4080 sive
2164 4022 2500 4095 statutum,
2529 4019 2599 4081 iu

324 4117 614 4202 scriptis⁸
643 4118 985 4195 redactam,
1016 4137 1229 4181 coram
1272 4116 1365 4181 eis
1394 4115 1523 4199 legi
1567 4114 1873 4192 fecerunt,
1902 4120 1969 4179 et
2011 4114 2210 4192 illam,
2239 4116 2377 4180 sive
2415 4116 2601 4193 illud,

322 4218 530 4282 facere
577 4215 878 4280 similiter
924 4220 1364 4281 convenerunt
1411 4220 1476 4277 et
1517 4213 1807 4278 fecerunt
1853 4214 1926 4277 in
1977 4213 2183 4277 forma
2228 4221 2599 4298 praenotata,

396 4374 415 4408 ¹
453 4376 567 4427 The
592 4375 813 4443 reading
835 4375 962 4427 here
986 4374 1032 4426 is
1056 4373 1350 4425 uncertain.
1432 4372 1484 4423 It
1507 4388 1731 4439 appears
1764 4376 1825 4423 to
1847 4373 1914 4424 be
1938 4374 2267 4438 approbandi
2290 4382 2337 4427 et
2371 4392 2599 4443 compro-

323 4459 494 4521 bandi,
521 4457 623 4508 but
648 4457 694 4509 it
718 4473 840 4524 may
863 4457 931 4508 be
954 4460 1136 4508 meant
1160 4456 1246 4507 ior
1268 4454 1591 4519 approband'
1612 4461 1660 4505 ει
1683 4455 2052 4521 compo-abana&

398 4538 421 4573 ²
456 4542 580 4594 ον’-α’.
655 4540 825 4592 What
847 4541 894 4592 is
915 4538 1173 4592 intended
1197 4539 1242 4589 is
1265 4543 1363 4589 not
1384 4541 1657 4603 apparent.
2150 4536 2173 4571 ³
2207 4540 2455 4606 inem-ipa&
