3285 5121
723 596 1268 651 CARTULARIUM
1299 598 1708 652 ABBATHIAE
1741 600 1839 652 DE
1876 600 2244 656 WHITEBY.
2513 594 2635 653 245

360 764 671 850 Fylynge,
702 769 770 827 et
786 761 1060 827 aliarum
1080 761 1397 828 dictarum
1427 764 1819 849 capellarum
1838 766 2129 831 omnium
2150 773 2216 832 et
2239 766 2636 853 singularum

359 887 399 930 a
435 864 611 929 dicta
651 862 942 928 Ecclesia
969 861 1492 974 dependentium,
1523 864 1811 943 debetur,
1841 872 1908 931 et
1951 865 2116 929 solvi
2163 868 2513 945 consuevit,
2543 888 2636 945 ac,

360 983 476 1047 per
547 962 936 1027 solutionem
1005 961 1216 1026 unicae
1287 963 1755 1045 procurationis
1816 963 2393 1043 Archidiaconalis,
2451 986 2590 1031 esse
2610 965 2634 1004 ¹

361 1062 624 1126 omnino
683 1061 871 1125 liberi
922 1066 990 1125 et
1047 1059 1370 1125 immunes
1421 1083 1462 1125 a
1511 1068 1801 1146 tempore
1854 1068 1921 1127 et
1969 1084 2086 1147 per
2135 1071 2394 1147 tempus
2447 1066 2633 1148 cujus

360 1160 537 1224 initii
579 1160 888 1224 memoria
929 1158 1209 1241 alicujus
1241 1158 1525 1224 hominis
1554 1181 1688 1225 non
1732 1161 1977 1239 existit,
2007 1182 2127 1226 nec
2157 1182 2197 1226 a
2225 1162 2340 1227 diu
2370 1167 2485 1240 est,
2514 1184 2635 1228 nec

361 1265 514 1323 ante
557 1259 959 1324 exactionem
989 1257 1362 1340 praedictam
1409 1260 1674 1324 extabat
1694 1260 1994 1325 :-Unde
2038 1261 2232 1344 petiit
2275 1260 2447 1326 idem
2479 1263 2637 1326 Pro-

359 1365 630 1436 curator,
660 1357 922 1422 nomine
964 1377 1096 1440 quo
1139 1377 1353 1441 supra,
1382 1363 1459 1422 ut
1502 1359 1852 1443 praemissis
1881 1360 2187 1443 probatis,
2218 1367 2285 1425 et
2327 1361 2398 1424 in
2428 1362 2636 1425 forma

350 1458 518 1542 juris
564 1457 923 1534 declaratis,
967 1457 1175 1522 dictos
1218 1457 1599 1542 Religiosos,
1644 1459 1939 1523 dominos
1983 1479 2153 1537 suos,
2188 1464 2254 1524 et
2298 1480 2368 1525 se
2412 1480 2633 1525 eorum

358 1558 640 1635 nomine,
666 1558 737 1620 in
767 1557 962 1621 unica
991 1556 1130 1621 sola
1158 1557 1621 1640 procuratione,
1651 1557 1722 1622 in
1752 1559 1958 1622 forma
1984 1559 2443 1624 moderationis
2471 1581 2633 1644 prae-

359 1657 566 1733 dictae,
595 1656 782 1721 nobis
826 1662 893 1721 et
936 1656 1405 1721 successoribus
1436 1658 1692 1735 nostris,
1723 1658 1838 1742 qui
1874 1679 1988 1742 pro
2018 1659 2412 1742 temporibus
2441 1669 2634 1725 erunt

355 1756 813 1822 Archidiaconi
837 1755 1287 1832 Clevelandiae,
1306 1776 1456 1820 cum
1479 1756 1723 1821 dictam
1746 1758 2099 1835 ecclesiam,
2122 1762 2186 1842 (8
2197 1757 2288 1841 5¹²)
2315 1759 2633 1843 capellam

356 1857 438 1923 de
486 1856 797 1941 Fylynge,
842 1862 909 1920 et
954 1855 1235 1939 capellas
1281 1856 1621 1939 pmdictas
1665 1877 1704 1921 a
1752 1858 1927 1922 dicta
1969 1858 2239 1923 ecclesia
2284 1859 2356 1927 Β.
2401 1860 2632 1924 Mariae

356 1955 809 2039 dependentes,
845 1954 993 2037 jure
1035 1953 1559 2019 Archidiaconali
1603 1956 1870 2022 visitare
1916 1957 2281 2040 contigerit,
2324 1958 2633 2023 solvenda

356 2055 670 2140 obligatos
687 2075 843 2132 esse,
854 2059 921 2119 et
937 2074 1052 2137 per
1069 2054 1458 2120 solutionem
1475 2055 1654 2120 illius
1673 2056 1880 2120 unicae
1896 2056 2366 2139 procurationis
2384 2063 2633 2141 septem

355 2175 402 2221 s.
458 2160 524 2220 et
576 2174 692 2219 sex
743 2154 1150 2218 denariorum
1200 2152 1438 2219 liberos
1491 2160 1558 2219 et
1604 2155 1859 2238 quietos
1910 2156 2044 2220 fore
2093 2157 2515 2240 pronuntiare
2566 2164 2635 2221 et

355 2254 675 2320 declarare
698 2272 1082 2318 curaremus,
1173 2252 1381 2335 Super
1405 2253 1645 2336 quibus
1665 2254 2014 2338 propositis
2035 2274 2152 2339 per
2171 2274 2290 2319 nos
2313 2256 2634 2334 admissis,

352 2353 683 2438 productis
712 2351 1006 2429 testibus,
1026 2351 1263 2435 juratis
1294 2359 1362 2417 et
1389 2353 1800 2432 examinatis,
1828 2374 1903 2418 ac
1933 2354 2267 2419 nonnullis
2296 2354 2535 2421 litteris
2567 2364 2634 2421 et

352 2452 807 2518 instrumentis
831 2451 1181 2517 autenticis
1212 2452 1521 2518 exhibitis
1546 2459 1612 2516 et
1632 2452 1985 2536 productis,
2009 2453 2311 2537 factaque
2341 2456 2631 2538 publica-

351 2552 531 2619 tione
566 2551 860 2618 omnium
887 2549 1348 2635 productorum
1378 2555 1444 2616 et
1473 2551 1775 2635 diligenti
1819 2551 2220 2617 discussione
2264 2554 2633 2632 earundem,

355 2673 429 2717 ac
472 2651 642 2736 juris
694 2652 917 2716 ordine
968 2651 1085 2735 qui
1132 2651 1485 2734 requiritur
1528 2651 1601 2714 in
1646 2650 1949 2715 omnibus
1994 2651 2333 2715 observato
2355 2653 2631 2729 z—Quia

353 2751 725 2815 invenimus
771 2756 1028 2834 partem
1085 2749 1411 2814 dictorum
1466 2748 1940 2832 Religiosorum
1990 2749 2322 2832 proposita
2382 2769 2502 2814 sua
2561 2757 2631 2814 et

354 2850 633 2916 deducta
674 2849 1068 2914 sufficienter
1100 2853 1168 2913 et
1195 2846 1484 2932 legitime
1525 2846 1917 2930 probavisse,
1945 2847 2207 2911 unicam
2250 2847 2453 2913 solam
2482 2869 2631 2931 pro-

351 2950 767 3026 curationem,
796 2949 880 3013 ad
922 2954 1171 3032 septem
1203 2967 1252 3012 s.
1283 2953 1350 3012 et
1392 2967 1511 3011 sex
1540 2946 1600 3010 d.
1630 2967 1702 3012 se
1745 2945 2224 3023 extendentem,
2265 2948 2629 3013 secundum

351 3051 625 3113 formam
642 3046 1125 3114 constitutionis
1140 3046 1483 3130 praedictoe,
1493 3046 1739 3111 ratione
1756 3045 2152 3110 visitationis
2169 3046 2630 3111 Archidiaconi

354 3147 795 3224 Clivelandiae,
824 3146 1011 3212 nobis
1057 3151 1124 3211 et
1153 3145 1632 3211 successoribus
1677 3144 1916 3209 nostris
1955 3144 2206 3209 ratione
2234 3144 2629 3211 visitationis

353 3245 544 3310 dictae
600 3246 887 3312 ecclesiae
938 3247 1010 3310 B.
1072 3245 1316 3321 Mariae,
1375 3243 1770 3327 capellarum
1822 3242 1902 3308 de
1959 3243 2272 3327 Fylynge,
2328 3243 2630 3328 Asselby,

355 3346 751 3431 Ugylbardy,
794 3344 1093 3429 Dunsley
1137 3352 1204 3410 et
1247 3342 1733 3428 Haukysgarth,
1775 3342 1859 3406 ab
1903 3340 2127 3407 eadem
2186 3342 2473 3408 ecclesiae
2517 3342 2630 3408 de—
2700 3395 2709 3398 j

350 3446 793 3530 pendentium,
851 3446 1087 3521 deberi,
1145 3451 1211 3511 et
1269 3445 1523 3510 eosdem
1584 3442 1943 3527 Religiosos
2002 3442 2086 3506 ad
2142 3441 2451 3526 majorem
2510 3463 2628 3508 nec

352 3544 721 3609 ulteriorem
738 3544 1250 3627 procurationem
1268 3543 1454 3608 nobis
1472 3562 1588 3607 seu
1609 3541 2084 3607 successoribus
2107 3542 2363 3618 nostris,
2380 3542 2629 3607 ratione

354 3642 744 3707 visitationis
801 3641 995 3706 dictae
1046 3643 1330 3708 ecclesiae
1386 3649 1455 3707 et
1513 3641 1832 3707 dictarum
1890 3641 2287 3725 capellarum
2346 3662 2630 3719 suarum,

354 3741 863 3826 dependentium
909 3742 994 3806 ab
1044 3742 1287 3818 eadem,
1330 3762 1462 3805 non
1504 3741 1712 3807 teneri
1756 3741 2253 3823 pronuntiamus
2300 3747 2368 3805 et
2418 3740 2631 3804 decla-

352 3861 571 3906 ramus
615 3840 1087 3906 sententialiter
1113 3847 1181 3906 et
1223 3840 1567 3906 diffinitive
1597 3841 1670 3904 in
1698 3839 1827 3904 hiis
1870 3840 2146 3924 scriptis.
2236 3839 2320 3903 In
2349 3859 2629 3922 quorum

349 3941 643 4007 omnium
665 3945 811 4006 test.
835 3940 949 4024 sig.
971 3940 1169 4006 officii
1195 3940 1401 4004 nostri
1422 3940 1850 4024 praesentibus
1872 3940 2307 4023 apposuimus,
2380 3939 2629 4002 Datum

349 4042 526 4126 apud
568 4040 980 4125 Esyngwald,
1007 4046 1234 4106 octavo
1278 4039 1384 4106 die
1413 4040 1659 4105 mensis
1696 4040 2013 4118 Octobris,
2039 4040 2118 4104 A.
2152 4038 2234 4102 D.
2280 4036 2629 4102 millesimo

350 4162 459 4207 ccc
488 4140 1025 4226 quinquagesimo
1053 4141 1264 4208 tertio,

419 4276 439 4311 ¹
477 4278 576 4330 See
599 4277 694 4330 the
717 4278 895 4330 clause
931 4279 1175 4347 supplied
1199 4278 1378 4332 before
1402 4279 1515 4333 this
1551 4278 1818 4332 infinitivo
1845 4278 1900 4330 in
1923 4277 2018 4330 the
2055 4273 2470 4343 corresponding
2504 4279 2630 4341 part

348 4361 406 4413 of
431 4362 524 4414 the
547 4365 680 4414 next
696 4362 998 4419 document.
