3285 5121
675 624 754 681 98
1043 636 1591 688 CARTULARIUM
1627 638 2036 689 ABBATHIAE
2072 639 2171 689 DE
2202 637 2575 690 WHITEBY.

342 809 498 869 burgh
522 809 619 856 and
676 801 1023 880 Martuna3
1067 800 1202 865 scil.
1233 822 1432 865 unam
1460 823 1675 867 aeram
1705 809 1772 867 et
1802 802 1956 866 dim.
1988 803 2330 886 separatim
2363 802 2435 864 in
2481 797 2956 876 Braohanhou}

340 867 621 987 ξιέθνῖνῃιῧῗξξ
678 905 744 964 et
786 899 983 963 aliam
1030 898 1181 965 dim.
1213 921 1428 965 aeram
1471 921 1697 967 versus
1742 900 2143 966 occidentem
2186 902 2257 964 in
2286 900 2511 965 eodem
2557 898 2959 975 Braesnhou,

345 1001 650 1092 ffivfiwissoe
678 1020 825 1063 oum
856 999 1137 1082 pasturis
1166 999 1248 1064 ad
1279 1000 1533 1065 easdem
1565 1020 1743 1064 aeras
1774 1000 2269 1084 pertinentibus,
2299 1006 2366 1064 et
2394 1021 2452 1065 v.
2483 1019 2665 1064 acras
2693 1003 2761 1063 et
2803 996 2955 1061 dim.

344 1106 653 1211 ffissgedsfflisst-
680 1099 759 1163 de
788 1099 908 1162 t’ra
935 1099 1180 1175 arabili,
1211 1106 1278 1164 et
1322 1099 1473 1164 dim.
1505 1120 1720 1164 soram
1748 1100 1829 1165 de
1858 1107 2125 1184 pastura
2153 1100 2235 1163 ad
2282 1100 2428 1164 illas
2471 1100 2839 1184 pertinente
2883 1098 2954 1160 in

348 1225 654 1278 monumen
681 1198 935 1263 cultura
977 1198 1092 1262 illa
1133 1218 1282 1281 quae
1323 1205 1591 1263 vocatur
1629 1198 2112 1283 Inngelandes?
2154 1219 2301 1283 quae
2344 1206 2444 1263 est
2464 1200 2658 1283 juxta
2686 1198 2955 1262 eandem

344 1297 408 1330 ²²¹¹
429 1298 537 1331 ΜΘ
558 1285 611 1330 ⁰f
682 1298 1062 1362 Braoanhou
1107 1306 1174 1362 et
1224 1298 1647 1382 propinquior
1697 1297 2088 1363 Alfelebriod
2105 1296 2131 1336 ²
2191 1319 2274 1363 ex
2324 1299 2625 1363 omnibus
2683 1296 2957 1362 culturis

383 1347 547 1390 ssture
569 1345 618 1390 in

350 1404 644 1509 wigflffide
683 1398 863 1462 feudi
920 1398 1067 1474 mei,
1125 1404 1193 1462 et
1264 1418 1410 1481 quae
1482 1398 1857 1462 extenditur
1928 1399 2001 1461 in
2057 1397 2324 1481 longum
2385 1397 2463 1462 de
2522 1398 2734 1461 divisa
2789 1398 2959 1459 inter

352 1522 493 1568 other
513 1536 617 1582 pas-
688 1497 1075 1562 Caldeeothe
1098 1495 1124 1534 ⁴
1168 1501 1235 1560 et
1265 1496 1554 1574 Martun,
1582 1516 1792 1581 usque
1834 1496 1917 1560 ad
1949 1517 2186 1580 aquam
2215 1517 2362 1580 quae
2407 1504 2505 1561 est
2547 1495 2759 1561 divisa
2786 1495 2959 1559 inter

349 1582 558 1699 {322}
576 1642 631 1686 to
686 1616 944 1679 campos
996 1595 1077 1659 de
1128 1596 1398 1658 Martun
1442 1601 1509 1660 et
1554 1596 1634 1660 de
1680 1595 2106 1679 Midlesburg,
2137 1616 2286 1659 eum
2316 1601 2456 1659 tota
2505 1602 2769 1679 pastura
2812 1613 2957 1676 quae

351 1698 453 1768 him
469 1700 641 1746 within
687 1696 769 1759 ad
826 1715 930 1758 me
980 1695 1260 1777 pertinet
1318 1695 1487 1759 infra
1544 1695 1805 1760 easdem
1862 1694 2105 1760 divisas
2163 1700 2231 1760 et
2289 1695 2534 1759 rivulos
2556 1694 2582 1733 ⁵
2633 1695 2781 1759 illos
2840 1694 2953 1777 qui

349 1771 518 1871 ffiss,
544 1816 646 1863 also
687 1793 1031 1856 includunt
1079 1792 1370 1876 undique
1421 1794 1707 1859 culturas
1758 1801 1825 1859 et
1874 1802 2167 1878 pasturas
2215 1793 2295 1858 de
2346 1792 2726 1858 Braeanhou
2770 1799 2835 1857 et
2879 1792 2959 1854 de

352 1878 587 1993 ξζξῇξξω
687 1890 1168 1974 Langelandes,⁶
1211 1897 1279 1955 et
1331 1912 1480 1956 oum
1532 1914 1702 1958 omn.
1756 1893 1903 1958 aliis
1954 1894 2355 1957 aisiamentis
2407 1899 2474 1956 et
2530 1892 2813 1976 pasturis
2871 1890 2956 1954 ad

352 1992 557 2040 euclose·
687 1990 943 2054 easdem
1002 1998 1203 2054 terras
1261 1991 1754 2074 pertinentibus.
1843 1994 1931 2056 Et
1982 1993 2039 2056 si
2090 1992 2432 2078 eontigerit
2487 1992 2660 2076 quod
2706 1989 2958 2073 praefati

687 2088 987 2151 monachi
1031 2089 1355 2153 voluerint
1399 2090 1729 2156 includere
1773 2091 2061 2156 culturas
2108 2098 2175 2156 et
2226 2098 2520 2176 pasturas
2563 2090 2719 2154 istas
2763 2088 2954 2153 oum⁷

687 2193 914 2252 oaetero
946 2210 1173 2272 campo
1203 2188 1282 2252 de
1316 2189 1604 2268 Martum
1628 2213 1743 2276 ego
1775 2199 1842 2256 et
1869 2191 2019 2256 haer.
2052 2192 2180 2257 mei
2210 2191 2332 2256 hoo
2362 2189 2787 2266 concedimuS,
2807 2192 2876 2252 et
2905 2208 2956 2251 o.

687 2308 740 2351 ο.
773 2287 832 2349 h.
866 2287 1443 2365 warentizabimus,
1474 2296 1794 2372 quantum
1824 2291 1907 2354 ad
1953 2311 2070 2355 nos
2123 2296 2188 2355 et
2241 2291 2322 2354 ad
2373 2290 2635 2355 feudum
2667 2293 2957 2352 nostrum

686 2386 982 2470 pertinet.
1073 2386 1160 2451 Et
1206 2386 1545 2452 sciendum
1595 2396 1695 2453 est
1740 2389 1914 2473 quod
1966 2411 2099 2474 eg0‚
2151 2390 2470 2455 Robertus
2532 2388 2842 2464 Galicien‚
2894 2390 2960 2450 et

686 2484 836 2549 haer.
865 2484 994 2549 mei
1023 2506 1247 2550 omnes
1277 2486 1394 2550 has
1424 2493 1642 2566 terras,
1676 2509 1825 2553 oum
1877 2489 2177 2552 omnibus
2217 2488 2627 2573 pertinentiis
2679 2491 2746 2551 et
2795 2484 2957 2550 asia-

687 2586 924 2650 mentis
955 2584 1037 2649 ad
1067 2591 1318 2650 tantam
1348 2592 1582 2651 terram
1603 2588 2100 2672 pertinentibuS,
2131 2589 2299 2652 infra
2326 2588 2552 2652 villam
2583 2587 2663 2652 de
2694 2587 2963 2651 Martun

687 2692 754 2749 et
783 2690 981 2763 extra,
1011 2686 1252 2768 ubique
1295 2706 1412 2770 per
1461 2691 1675 2750 totum
1718 2687 1982 2752 feudum
2025 2707 2260 2765 meum,
2290 2687 2531 2751 eisdem
2574 2691 2641 2751 et
2683 2706 2862 2771 praes.
2907 2704 2958 2749 c„

687 2806 830 2849 mea
859 2784 1246 2862 confirmavi,
1269 2791 1336 2849 et
1365 2807 1415 2850 o.
1448 2806 1500 2849 0.
1533 2784 1593 2850 h.
1626 2807 1742 2870 ego
1773 2792 1839 2851 et
1867 2786 2016 2851 haer.
2048 2786 2177 2851 mei
2207 2786 2277 2850 in
2306 2792 2690 2871 perpetuum
2719 2804 2960 2848 waren-

686 2884 1043 2950 tizabimus.
1135 2882 1288 2948 Hiis
1333 2885 1625 2949 testibus.
1717 2886 1963 2949 Thema
1994 2885 2074 2949 de
2128 2886 2414 2951 Martun.
2519 2884 2834 2950 Nicholao
2879 2882 2959 2946 de

683 2985 924 3049 Atuna.
1016 2983 1298 3047 Henrioo
1329 2984 1537 3047 Ruffo.
1627 2982 1960 3048 Willelmo
1992 2983 2070 3048 de
2099 2984 2393 3048 Foxtona
2411 2982 2464 3064 3⁸
2508 2990 2576 3050 et
2603 2984 2765 3050 aliis.

756 3096 776 3130 ¹
813 3095 1114 3148 Braeanhoe
1140 3096 1195 3146 in
1217 3095 1315 3147 No.
1349 3098 1448 3148 118
1473 3115 1489 3158 3
1524 3112 1557 3146 a
1579 3100 1778 3147 matter
1799 3101 1859 3147 ιο
1883 3096 1949 3147 be
1973 3096 2137 3146 noted
2172 3113 2232 3148 as
2268 3113 2366 3148 one
2407 3097 2644 3147 instance
2675 3097 2732 3146 in
2757 3093 2959 3146 several

683 3183 741 3232 in
765 3181 913 3231 these
938 3178 1174 3230 charters
1198 3177 1521 3228 illustrative
1546 3177 1603 3228 of
1626 3177 1720 3229 the
1747 3179 1924 3244 partly
1947 3179 2191 3245 guttural
2226 3178 2395 3230 sonnd
2428 3195 2455 3229 c
2479 3179 2585 3229 and
2620 3196 2654 3243 9
2689 3194 2778 3228 are
2810 3178 2957 3229 often

683 3262 849 3313 taken
871 3266 931 3312 to
956 3264 1241 3325 represent.

756 3342 778 3376 ²
813 3341 1173 3408 Langelandes
1196 3341 1243 3390 is
1268 3339 1383 3391 still
1406 3339 1733 3391 identifisble
1758 3341 1813 3391 in
1838 3341 1932 3392 the
1956 3341 2175 3392 modern
2214 3340 2532 3407 Langlands,
2549 3357 2608 3391 as
2631 3339 2956 3406 Alfelebricg

684 3426 728 3475 is
753 3425 809 3474 in
832 3423 1081 3491 Fellbrig‚
1107 3440 1167 3474 or
1190 3422 1469 3490 Fellbrigs.
1525 3422 1839 3475 Braesnhou
1855 3440 2026 3475 seems
2048 3428 2109 3474 to
2132 3422 2199 3473 be
2224 3422 2471 3474 obsoleto.

755 3504 777 3538 ⁴
813 3505 1129 3557 Caldeeothe
1153 3505 1253 3556 has
1274 3505 1410 3555 been
1435 3505 1769 3556 modernised
1791 3506 1909 3557 into
1934 3506 2101 3573 Csrgo
2126 3506 2183 3555 in
2207 3503 2517 3571 Gargofleet.

754 3586 778 3621 ⁵
813 3588 1023 3640 rivulus.
1205 3584 1229 3621 ⁶
1265 3587 1642 3641 Lanhelandes.
1810 3585 1831 3622 ⁷
1856 3589 1973 3652 αα]
2010 3591 2043 3616 “
2058 3603 2181 3639 eum
2198 3586 2229 3610 '¹
2254 3587 2300 3638 is
2324 3585 2418 3638 the
2442 3585 2694 3652 probable
2718 3586 2951 3655 reading.

755 3669 779 3705 ⁸
813 3671 1050 3722 william
1075 3671 1142 3722 de
1167 3671 1374 3722 Foxton
1398 3685 1510 3722 was
1533 3671 1816 3723 Senesehnl
1839 3671 1896 3722 of
1922 3670 2151 3737 whitby
2173 3670 2231 3721 in
2253 3669 2441 3721 Abbot
2475 3669 2694 3738 Roget-’s
2725 3669 2872 3733 time,
2900 3676 2960 3723 to

686 3754 861 3806 which
903 3754 1084 3820 nearly
1126 3754 1198 3805 all
1241 3754 1336 3805 the
1377 3757 1593 3821 present
1633 3754 1793 3805 series
1831 3754 1888 3806 οἱ
1928 3753 2166 3806 chax-tere
2202 3769 2327 3820 may
2364 3753 2432 3805 be
2470 3752 2717 3805 referred.
2789 3755 2960 3805 There

684 3855 795 3890 was
836 3855 904 3890 sn
941 3838 1345 3903 extraordinary
1383 3838 1608 3904 impulse
1650 3838 1866 3906 leading
1906 3855 1977 3890 on
2014 3843 2073 3890 to
2114 3837 2266 3890 these
2306 3837 2589 3890 donatione
2628 3837 2709 3888 for
2750 3837 2961 3889 Chureh

684 3922 851 3984 work,
883 3925 977 3972 not
1001 3922 1127 3988 only
1152 3923 1209 3971 in
1234 3922 1429 3987 special
1452 3921 1765 3974 connection
1793 3923 1927 3974 with
1969 3923 2064 3974 the
2104 3921 2507 3989 Middlesburgh
2549 3921 2664 3984 cell,
2690 3920 2790 3972 but
2826 3920 2960 3971 with

684 4008 780 4058 the
801 4005 1013 4075 general
1037 4004 1500 4072 aggrandisement
1522 4004 1578 4056 οἱ
1599 4005 1694 4058 the
1718 4004 1925 4072 Abbey.
1998 4004 2126 4056 And
2150 4004 2196 4057 it
2219 4004 2265 4056 is
2289 4010 2346 4057 to
2383 4005 2451 4056 be
2487 4004 2649 4055 noted
2683 4003 2807 4055 thet
2841 4020 2963 4054 eon-

685 4089 1150 4157 temporaneously
1174 4088 1307 4140 with
1352 4088 1462 4140 this
1503 4088 1598 4140 the
1640 4088 1836 4156 Abbey
1873 4089 2086 4142 Chureh
2126 4104 2235 4139 was
2277 4088 2455 4154 newly
2477 4087 2829 4149 commenced,
2856 4086 2963 4136 and

685 4191 798 4228 was
820 4174 977 4240 being
999 4177 1141 4223 most
1164 4171 1544 4238 energetieally
1567 4172 1774 4238 pushed
1799 4173 2044 4224 iomar-d.
2119 4172 2176 4224 It
2212 4171 2390 4223 would
2429 4171 2622 4235 hardly
2647 4170 2713 4221 be
2753 4168 2876 4220 raah
2908 4175 2966 4219 to

685 4261 873 4319 essert,
901 4256 1041 4307 after
1062 4272 1095 4306 a
1136 4254 1339 4306 esreful
1379 4254 1678 4320 inspeetion
1719 4254 1824 4305 and
1848 4254 2238 4306 consideration
2272 4256 2330 4306 of
2369 4253 2518 4306 what
2557 4254 2604 4304 is
2645 4253 2746 4304 left
2782 4253 2838 4302 of
2869 4252 2964 4302 the

687 4341 883 4407 Abbey
906 4337 1133 4400 Church,
1162 4337 1285 4389 that
1328 4338 1425 4389 the
1466 4338 1586 4390 first
1628 4342 1781 4405 great
1820 4339 2068 4405 building
2099 4339 2272 4401 effert,
2302 4338 2665 4405 oommencing
2700 4338 2836 4389 with
2873 4336 2967 4388 the

686 4431 897 4477 eastern
922 4423 1025 4475 end
1048 4421 1155 4474 and
1179 4422 1527 4489 terminating
1547 4421 1687 4473 'with
1726 4421 1820 4474 the
1859 4422 1979 4474 first
2019 4423 2170 4474 three
2211 4422 2346 4488 bays
2368 4422 2425 4474 of
2463 4423 2559 4474 the
2597 4438 2750 4483 nave,
2774 4421 2818 4472 is
2842 4436 2970 4486 syn-

683 4507 948 4559 chronous
972 4505 1105 4556 with
1131 4503 1228 4556 the
1265 4503 1615 4570 incumbeney
1640 4505 1697 4555 of
1732 4504 1918 4556 Abbot
1954 4505 2128 4573 Roget
2175 4506 2536 4570 (1122-1144),
2567 4504 2673 4555 and
2710 4502 2839 4555 does
2872 4508 2970 4553 net

685 4590 882 4642 extend
907 4588 1065 4641 much
1089 4588 1298 4655 beyond
1323 4589 1381 4640 it.
