3285 5121
746 582 1288 635 CARTULARIUM
1326 582 1732 635 ABBATHIAE
1767 583 1866 634 DE
1901 583 2272 636 WHITEBY.
2530 574 2652 633 247

368 747 693 811 immunes
722 769 761 812 a
792 754 1078 832 tempore
1108 752 1174 812 et
1204 768 1317 831 per
1346 752 1604 831 tempus
1624 748 1810 831 cujus
1841 747 2017 813 initii
2046 749 2370 814 memoriae
2402 750 2551 834 [etc.,
2583 771 2656 813 as

367 848 445 909 in
488 848 610 911 last
655 846 829 930 daed]
878 864 1285 927 cumemus3
1349 847 1812 931 productisqne
1863 868 1978 931 per
2035 849 2312 913 eundem
2356 869 2653 932 procura-

363 953 570 1010 torem
622 947 881 1012 nomine
934 947 1254 1010 dictorum
1303 947 1577 1011 Abbatis
1629 954 1696 1011 et
1750 947 1968 1025 Oonv„
2022 948 2315 1013 d’norum
2364 969 2649 1026 snorum,

368 1066 565 1130 quam
608 1046 902 1130 pluribus
951 1047 1226 1110 testibus
1281 1067 1476 1131 super
1525 1048 1893 1131 praemissis,
1937 1049 2173 1131 quibus
2218 1049 2493 1113 testibus
2537 1068 2653 1131 per

368 1165 487 1209 nos
526 1144 595 1208 in
626 1146 832 1209 forma
853 1145 1019 1228 juris
1048 1146 1363 1223 admissis,
1383 1147 1617 1230 juratis
1666 1152 1735 1210 et
1780 1148 2184 1225 examinatis,
2213 1147 2652 1232 exhibitisque

367 1245 439 1307 in
489 1245 611 1309 hac
661 1252 843 1329 parte
891 1267 1008 1329 per
1054 1246 1270 1329 ipsum
1316 1252 1791 1331 procuratorem
1837 1247 2169 1312 nonnullis
2220 1248 2475 1325 litteris,
2513 1254 2650 1311 tam

368 1344 735 1428 apostolicis
794 1366 992 1430 quam
1051 1346 1454 1429 quorundem
1527 1345 2066 1430 praedecessornm
2130 1353 2515 1423 nostrorum,
2572 1367 2649 1411 ac

366 1444 816 1510 instrumentis
865 1447 1227 1522 autenticis,
1271 1446 1544 1529 aliisque
1596 1467 1792 1530 quam
1842 1446 2141 1530 plurimis
2191 1447 2650 1522 monumentis,

367 1544 664 1627 factaque
736 1544 1173 1629 publicatione
1246 1545 1537 1609 omnium
1604 1545 1978 1629 hujusmodi
2050 1546 2509 1631 productorum
2583 1554 2650 1611 et

368 1644 820 1722 exhibitorum,
843 1645 1079 1728 quibus
1101 1665 1296 1729 penes
1315 1664 1432 1708 nos
1453 1645 1762 1728 inspectis
1786 1651 1853 1710 et
1869 1645 2213 1730 diligenter
2242 1645 2651 1721 examinatis,

367 1763 442 1808 ac
493 1743 574 1809 de
623 1744 1143 1827 jurisperitorum
1194 1744 1464 1809 consilio
1519 1745 1707 1808 nobis
1751 1745 2194 1811 assistentium
2246 1747 2329 1810 ad
2381 1746 2645 1830 plenum

366 1844 671 1908 discussis
715 1850 780 1908 et
821 1845 1089 1921 rimatis,
1118 1865 1192 1909 ac
1229 1845 1396 1928 juris
1441 1844 1665 1909 ordine
1714 1846 1827 1928 qui
1871 1845 2220 1929 requiritur
2247 1846 2319 1909 in
2349 1846 2650 1910 omnibus

368 1944 702 2008 observato
722 1944 996 2022 z—Quia
1065 1944 1434 2009 invenimus
1498 1951 1747 2028 partem
1804 1945 2120 2009 dictorum
2183 1946 2651 2030 Religiosorum

369 2043 671 2119 virorum,
728 2043 1004 2108 Abbatis
1063 2049 1130 2110 et
1175 2045 1374 2110 Conv.
1435 2044 1667 2109 Mon’ii
1733 2045 1840 2109 SS.
1903 2045 2079 2110 Petri
2138 2051 2203 2110 et
2263 2046 2504 2129 Hyldae
2569 2045 2649 2109 de

367 2143 673 2227 Wyteby‚
716 2142 1089 2226 hujusmodi
1144 2144 1472 2227 proposita
1522 2163 1640 2208 sua
1690 2149 1755 2208 et
1807 2144 2084 2210 deducta
2142 2146 2532 2211 sufficienter
2583 2152 2650 2210 et

367 2241 653 2325 legitime
694 2243 1067 2326 probavisse
1110 2244 1369 2307 unicam
1421 2243 1625 2308 solam
1685 2245 2215 2329 procurationem,
2267 2245 2350 2310 ad
2399 2252 2649 2329 septem

365 2342 603 2407 solidos
653 2350 722 2407 et
765 2362 879 2408 sex
924 2342 1217 2407 denarios
1264 2343 1603 2427 sterlingas
1651 2364 1720 2408 se
1772 2344 2246 2421 extendentem,
2291 2344 2648 2409 secundum

367 2442 637 2506 formam
695 2442 1178 2507 constitutionis
1250 2444 1591 2525 praedietae,
1650 2444 1899 2508 ratione
1963 2444 2356 2509 visitationis
2415 2444 2649 2508 Archi·

369 2542 623 2608 diaconi
655 2542 1074 2609 Clivelandiae
1104 2544 1252 2627 [etc.,
1273 2565 1344 2608 as
1372 2545 1448 2608 in
1477 2543 1626 2627 last]
1661 2549 1727 2608 et
1749 2543 2146 2609 declaramus
2176 2544 2651 2608 sententialiter

367 2649 435 2706 et
456 2642 799 2708 diffinitive
821 2643 892 2707 in
914 2643 1043 2708 hiis
1066 2643 1361 2726 scriptis3
1399 2644 1705 2727 ipsosque
1737 2643 2090 2726 Religiosos
2114 2644 2304 2716 viros,
2328 2643 2648 2707 Abbatern

366 2748 435 2805 et
487 2741 704 2818 Conv„
746 2743 830 2806 ab
880 2741 1172 2807 ulteriori
1220 2742 1628 2826 impetitione
1674 2741 1869 2806 officii
1908 2742 2113 2806 nostri
2157 2744 2228 2804 in
2275 2741 2395 2805 hac
2445 2749 2649 2824 parte,

365 2843 577 2927 quoad
622 2841 970 2927 praemissa,
1023 2841 1414 2906 dimittimus
1466 2861 1582 2925 per
1631 2841 1975 2906 decretum.
2097 2841 2258 2920 Quae
2311 2841 2529 2906 omnia
2580 2848 2648 2905 et

362 2943 619 3027 singula
661 2943 1031 3027 supradicta
1071 2947 1302 3006 vestrae
1345 2941 1757 3007 universitati
1811 2941 1876 3025 (8
1883 2940 1978 3026 7¹³)
2026 2939 2489 3005 innotescimus
2532 2961 2649 3024 per

362 3050 724 3127 praesentes.
814 3044 898 3106 In
935 3062 1208 3125 quorum
1238 3042 1529 3106 omnium
1558 3048 1704 3106 test.
1736 3042 1850 3124 sig.
1885 3047 2174 3104 nostrum
2220 3040 2647 3124 praesentibus

364 3144 797 3225 apposuimus.
886 3142 1136 3206 Datum
1166 3142 1340 3225 apud
1370 3141 1690 3226 Kyrkeby
1719 3142 2122 3225 Mysperton,
2152 3140 2221 3203 in
2251 3140 2645 3204 visitationis

365 3249 598 3305 nostrae
640 3261 992 3325 progressu,
1037 3246 1221 3305 sexto
1264 3241 1369 3306 die
1413 3241 1655 3305 mensis
1701 3240 2001 3325 Augusti,
2045 3239 2123 3306 A.
2172 3240 2252 3303 D.
2298 3238 2645 3304 millesimo

367 3360 512 3406 cccc
542 3340 864 3406 tricesimo
894 3340 1123 3423 quinto
1154 3341 1540 3424 supradicto.

612 3490 857 3556 CCCV.
903 3491 1012 3554 DE
1043 3507 1358 3555 Bccnnsu.
1387 3507 1474 3555 mr
1506 3490 1769 3554 Suvron
1800 3505 2007 3553 summ
2034 3489 2393 3554 DERWENT.

458 3601 540 3663 In
569 3601 698 3664 Dei
728 3622 809 3678 n.,
838 3602 1069 3666 Amen.
1178 3603 1375 3665 Anno
1405 3602 1487 3665 ab
1519 3602 1977 3666 Incarnatione
1999 3601 2270 3664 Domini
2299 3600 2643 3665 millesimo

370 3699 593 3764 ccc¹¹¹⁰²
638 3701 885 3782 quinto,
928 3701 1282 3764 indictione
1334 3702 1540 3777 tertia,
1585 3701 1690 3765 die
1710 3699 1736 3738 ¹
1779 3701 2009 3784 quinto
2060 3701 2304 3764 mensis
2349 3701 2530 3776 Maii,
2576 3701 2639 3763 in

366 3798 709 3882 praesentia
738 3799 882 3873 mei,
914 3798 1167 3861 Notarii
1198 3798 1452 3864 Publici
1483 3799 1899 3882 infrascripti,
1929 3805 1996 3863 et
2022 3799 2292 3862 testium
2322 3799 2642 3882 subscrip-

366 3907 599 3976 torum,
644 3898 716 3960 in
766 3896 1069 3980 Capitulo
1117 3898 1377 3980 majoris
1423 3897 1729 3963 Ecclesiae
1778 3898 1848 3962 B.
1899 3899 2095 3974 Petri,
2142 3897 2432 3972 Eboraci,
2479 3897 2643 3961 Sede

366 3999 657 4083 ejusdem
731 3994 1048 4073 vacante,8
1119 4005 1617 4083 comparuerunt
1692 4018 1905 4062 coram
1972 3998 2137 4062 M’ro
2212 3996 2489 4062 Roberto
2563 3995 2643 4059 de

436 4124 456 4159 ¹
492 4124 730 4176 written
765 4130 903 4174 καθ
927 4122 1137 4174 instead
1172 4122 1228 4173 ot
1262 4129 1392 4174 000⁰.
1483 4123 1656 4173 There
1690 4123 1738 4173 is
1761 4139 1795 4173 a
1817 4123 2084 4174 side-note
2119 4121 2178 4171 in
2200 4120 2294 4170 the
2330 4117 2492 4177 hand,
2520 4133 2642 4184 sup·

359 4207 523 4275 posed
546 4212 606 4259 to
628 4207 696 4258 be
731 4206 969 4273 possibly
994 4203 1436 4274 Gascoigne’s—“
1451 4205 1650 4257 desunt
1685 4204 1865 4272 figurae
1887 4202 1945 4268 ;'’
1978 4209 2038 4256 to
2061 4203 2236 4255 which
2272 4202 2319 4252 is
2343 4200 2641 4266 subicined,

360 4294 418 4344 in
442 4308 476 4342 a
498 4291 659 4342 much
684 4306 830 4342 more
854 4288 1073 4340 modern
1097 4289 1355 4343 hand—“
1375 4304 1481 4340 non
1505 4289 1703 4340 desunt
1726 4288 1938 4355 figurae3
1977 4287 2063 4338 for
2085 4286 2229 4337 John
2255 4284 2321 4336 de
2348 4283 2636 4345 Wodhons,

357 4376 498 4427 after
522 4374 843 4438 mentioned,
865 4388 975 4425 was
997 4372 1152 4424 made
1176 4373 1373 4424 Rector
1399 4373 1455 4423 in
1487 4375 1639 4438 1305,
1666 4388 1724 4423 as
1747 4371 1842 4424 the
1867 4371 2042 4421 words
2066 4369 2173 4421 and
2197 4367 2388 4436 figures
2411 4382 2642 4432 express.

365 4460 489 4511 -J.
529 4459 622 4510 B.”
1966 4453 1988 4487 ²
2022 4455 2103 4507 die
2126 4452 2389 4519 repeated.

427 4541 450 4576 ³
485 4541 835 4594 “Greenfield
873 4557 982 4594 was
1019 4540 1222 4594 elected
1260 4540 1329 4608 by
1356 4541 1450 4592 the
1488 4539 1725 4607 Chapter
1760 4538 1815 4590 of
1853 4538 2019 4601 York,
2058 4537 2349 4589 December
2385 4538 2436 4598 4,
2469 4536 2641 4595 1304;
