3285 5121
621 570 741 627 232
988 580 1532 633 CARTULARIUM
1573 579 1978 631 ABBATHIAE
2015 579 2114 630 DE
2149 577 2521 629 WHITEBY.

616 744 749 806 d’ni
773 743 853 808 de
875 744 1203 821 Tameton,
1226 745 1384 829 ipsis
1403 745 1655 808 Abbate
1685 753 1752 808 et
1774 746 2113 809 Conventu
2140 743 2549 807 medietatem
2577 741 2899 805 dictarum

618 842 1012 907 decimarum
1046 850 1204 908 tunc
1249 844 1421 927 (75b)
1453 845 1982 928 percipientibuS,
2011 842 2509 926 possidentibus,
2537 848 2719 923 parte
2748 860 2902 904 vero

618 943 779 1007 dicti
810 943 1142 1008 Laurentii
1171 945 1343 1027 ipsas
1374 943 1655 1008 decimas
1686 943 1768 1007 ad
1806 943 1957 1007 eccl.
1988 943 2069 1006 de
2116 942 2452 1024 Stokesley
2482 941 2727 1023 integre
2757 959 2902 1022 per-

618 1042 825 1106 tinere
853 1050 1195 1120 asserente,
1237 1043 1486 1107 ratione
1522 1044 1691 1126 juris
1730 1042 2314 1108 communis—scil,
2346 1062 2421 1105 eo
2450 1040 2625 1124 quod
2670 1040 2903 1103 domus

620 1140 701 1204 de
724 1161 853 1224 qua
872 1140 1060 1205 dictae
1078 1142 1343 1206 decimae
1360 1142 1825 1226 proveniebant
1843 1142 1969 1205 sita
1987 1141 2116 1205 fuit
2137 1141 2308 1203 infra
2326 1140 2567 1203 limites
2586 1137 2905 1221 parochiae

620 1239 701 1302 de
733 1240 1084 1323 Stokesley.
1175 1240 1479 1317 Tandem,
1501 1240 1676 1304 facta
1698 1240 2118 1324 inquisitione
2149 1238 2511 1321 diligenter,
2540 1243 2676 1301 tam
2707 1257 2905 1321 super

621 1339 1036 1419 possessione,
1066 1359 1261 1422 quam
1299 1339 1446 1422 jure
1492 1339 1812 1403 dictorum
1841 1338 2120 1402 Abbatis
2151 1343 2219 1401 et
2249 1336 2471 1413 Coma,
2499 1336 2673 1419 quod
2705 1335 2905 1400 habe-

623 1436 784 1499 bant
813 1437 884 1499 in
927 1436 1119 1501 dictis
1164 1437 1432 1502 decimis
1477 1438 1726 1501 ratione
1763 1444 2041 1519 pasturae
2085 1435 2392 1499 territorii
2434 1434 2515 1498 de
2544 1433 2783 1509 Atona,
2827 1433 2899 1496 in

621 1555 753 1616 qua
781 1535 996 1599 averia
1036 1535 1329 1599 d'norum
1359 1536 1665 1618 predictae
1693 1535 1923 1599 domus
1955 1534 2036 1598 de
2079 1535 2430 1598 Tametona
2457 1533 2905 1616 pascebantur,

623 1632 952 1697 decretum
974 1634 1101 1697 fuit
1122 1635 1460 1717 praedictos
1479 1635 1799 1699 Abbatem
1829 1640 1896 1699 et
1925 1634 2123 1698 ConV.
2147 1633 2557 1697 medietatem
2583 1631 2905 1696 dictarum

622 1732 1015 1797 decimarum
1038 1734 1216 1817 juste
1249 1733 1666 1817 [possidere],¹
1696 1741 1763 1798 et
1791 1734 1873 1797 ad
1904 1733 2053 1798 eccl.
2078 1754 2262 1797 suam
2295 1732 2377 1796 de
2396 1733 2617 1796 Atona
2638 1732 2719 1796 de
2749 1753 2905 1796 con-

621 1832 966 1896 suetudine
996 1833 1347 1915 approbata
1374 1841 1441 1897 et
1471 1839 1738 1915 optenta
1760 1832 2098 1916 pertinere.
2188 1831 2513 1895 Suscitata
2542 1852 2693 1895 vero
2724 1839 2904 1915 post-

623 1931 887 1995 modum
945 1953 1137 2015 super
1197 1933 1440 1996 eisdem
1498 1932 1768 1996 decimis
1822 1932 2234 1996 contentione
2285 1951 2400 2014 per
2458 1939 2903 2014 procuratores

624 2030 953 2113 Stephani,
984 2032 1271 2095 Rectoris
1294 2032 1489 2094 dictae
1520 2031 1805 2095 ecclesiae
1850 2031 1929 2095 de
1962 2031 2319 2114 Stokesley,
2348 2037 2569 2095 contra
2598 2032 2903 2114 praefatos

621 2127 941 2191 Abbatem
985 2134 1051 2191 et
1102 2128 1320 2204 Conv„
1372 2130 1770 2211 temporibus
1823 2129 2126 2205 Serlonis,
2176 2131 2222 2194 J
2226 2129 2500 2193 ohannis
2551 2135 2618 2193 et
2669 2130 2905 2212 Rogeri

621 2226 1237 2290 Archidiaconorum
1257 2227 1712 2311 Clyvelandiae,
1732 2226 2009 2291 Radulfo
2032 2227 2167 2313 [de]
2188 2229 2552 2292 Tametona.
2598 2227 2903 2293 Johanne

625 2326 899 2403 MedicO,
931 2326 1218 2391 Waltero
1264 2326 1342 2390 de
1388 2325 1691 2409 Mubray‚
1722 2333 1789 2390 et
1819 2326 2153 2391 Willelmo
2196 2327 2331 2391 filio
2375 2328 2516 2411 ejus
2560 2327 2788 2390 villam
2820 2326 2904 2391 de

625 2426 975 2489 Tametona
1043 2426 1406 2491 successive
1471 2426 1865 2502 tenentibus,
1922 2446 2038 2509 pcr
2103 2434 2577 2490 sacramentum
2635 2426 2903 2504 Decani,

624 2524 1027 2590 vicariorum
1069 2530 1136 2590 et
1165 2525 1662 2610 Capellanorum
1693 2525 1983 2610 Capituli
2016 2525 2460 2611 Clyvelandiae
2503 2526 2902 2612 recognitum

623 2625 752 2689 fuit
781 2626 1155 2709 soepedictos
1183 2626 1504 2691 Abbatem
1552 2633 1619 2690 et
1663 2627 1864 2691 Conv,
1911 2626 2324 2690 medietatem
2369 2626 2687 2690 dictarum
2729 2625 2901 2688 deci-

625 2746 893 2803 marum,
924 2725 1064 2790 sine
1092 2725 1270 2788 omni
1300 2725 1733 2803 contentione,
1764 2725 1995 2790 debere
2038 2725 2380 2810 percipere.
2472 2726 2553 2789 In
2594 2725 2778 2808 cujus
2808 2724 2903 2788 rei

623 2825 1070 2888 testimonium
1099 2826 1146 2890 J
1193 2876 1207 2890 .
1254 2875 1267 2890 .
1314 2875 1348 2902 .,
1379 2826 1613 2889 Rector
1640 2825 1930 2890 ecclesiae
1961 2824 2040 2888 de
2063 2825 2309 2902 Loftus,
2336 2826 2638 2889 Decanus
2669 2824 2899 2907 Clyve·

624 2920 896 3003 landiae;
941 2924 1254 3007 Magister
1283 2924 1361 2988 de
1393 2923 1675 2988 Newerk
1699 2949 1716 3004 ;
1758 2923 2128 2988 Willelmus
2173 2923 2253 2987 de
2284 2923 2641 3007 Stokesley,
2671 2924 2904 2986 Rector

625 3022 775 3087 eccl.
822 3023 902 3087 de
947 3022 1298 3102 Elvinton3
1349 3023 1428 3087 de
1476 3024 1812 3107 Kyrkeby‚
1855 3023 1936 3087 de
1983 3023 2317 3105 Ormesby,
2360 3023 2438 3087 de
2484 3022 2776 3107 Rudeby,
2819 3022 2902 3086 de

626 3197 682 3247 of
716 3212 859 3248 some
896 3198 999 3247 few
1033 3213 1189 3261 years
1225 3196 1414 3247 earlier
1448 3196 1588 3248 date.
1686 3196 1741 3247 It
1775 3197 1821 3247 is
1861 3199 2118 3263 apparent
2154 3195 2277 3245 that
2316 3200 2349 3223 “
2368 3195 2513 3247 Will.
2555 3196 2802 3246 dominus
2837 3195 2907 3248 de

625 3280 887 3330 Tamton''
923 3279 969 3329 is
1004 3279 1100 3330 the
1136 3279 1364 3339 earliest,
1406 3278 1614 3345 though
1651 3278 1777 3344 only
1813 3277 1889 3342 by
1922 3278 2076 3329 three
2111 3281 2171 3327 to
2208 3277 2310 3328 five
2344 3293 2514 3341 years,
2558 3283 2617 3329 at
2651 3282 2809 3341 most,
2848 3278 2907 3329 in

623 3361 775 3427 point
798 3361 855 3411 of
878 3361 1021 3423 time,
1047 3361 1133 3412 for
1154 3361 1503 3413 Arehdeacon
1527 3360 1676 3411 Ser-lo
1701 3359 1808 3411 and
1821 3360 1964 3411 John
1992 3375 2081 3410 are
2106 3358 2290 3423 placed
2313 3358 2387 3423 by
2406 3358 2479 3409 Le
2502 3359 2652 3409 Neve
2670 3360 2726 3410 in
2749 3362 2905 3426 1231,

629 3445 764 3494 1230
790 3442 1143 3508 respectively
1168 3444 1365 3509 (Roger
1397 3446 1493 3493 not
1515 3443 1676 3508 being
1700 3442 1892 3492 named
1928 3445 1986 3492 at
2010 3441 2085 3492 all
2106 3440 2179 3506 by
2202 3440 2354 3503 him),
2381 3440 2540 3492 while
2565 3441 2834 3495 Matthew
2860 3446 2910 3497 ia

621 3526 678 3576 in
703 3526 850 3576 office
886 3528 943 3575 in
971 3527 1124 3578 1225.
1198 3528 1325 3578 Stin
1351 3528 1395 3577 it
1419 3527 1465 3578 is
1488 3543 1621 3592 very
1646 3525 1876 3578 difficult
1911 3530 1969 3577 to
1994 3526 2149 3577 make
2174 3529 2272 3576 out
2296 3525 2445 3577 what
2467 3527 2562 3578 the
2587 3531 2908 3582 connection

621 3608 861 3659 between
895 3607 990 3659 the
1013 3609 1216 3659 several
1250 3625 1468 3674 persons
1494 3609 1687 3660 named
1722 3609 1890 3675 really
1914 3625 2041 3676 was,
2065 3626 2127 3660 or
2148 3613 2207 3660 to
2243 3614 2470 3661 account
2504 3610 2590 3661 for
2623 3610 2717 3663 the
2751 3615 2908 3680 rapid

622 3691 917 3745 succession
951 3693 1007 3742 in
1041 3692 1137 3744 the
1173 3700 1388 3745 memes
1411 3693 1468 3744 oi
1504 3694 1599 3745 the
1634 3694 1905 3760 Tampton
1940 3698 1979 3723 “
2000 3691 2227 3745 domus''
2265 3710 2326 3744 or
2363 3698 2396 3722 “
2413 3696 2760 3759 manerium‚”
2782 3697 2907 3750 that

621 3791 811 3842 among
833 3775 927 3825 the
951 3774 1325 3828 Archdeaeous
1361 3775 1537 3843 being,
1562 3780 1778 3845 strange
1802 3782 1861 3830 to
1884 3794 1996 3844 say,
2022 3777 2239 3844 equally
2262 3777 2431 3844 rapid.
2504 3778 2617 3830 The
2652 3780 2908 3832 fraternal

620 3862 698 3912 tie
739 3860 982 3911 between
1007 3859 1248 3910 Williatn
1272 3861 1341 3912 de
1378 3861 1608 3926 Mubray
1635 3862 1705 3912 de
1740 3863 2007 3928 Tampton
2043 3860 2153 3912 and
2176 3860 2420 3912 william
2455 3861 2523 3913 de
2558 3863 2821 3929 Tampton
2858 3862 2910 3914 ia

621 3944 747 4005 also,
778 3948 836 3995 to
858 3959 954 4009 say
977 3943 1072 3995 the
1107 3943 1245 3994 least
1280 3945 1338 3996 of
1370 3945 1433 4009 it,
1457 3947 1817 4011 noteworthy.
1894 3945 1951 3996 Is
1976 3945 2022 3996 it
2045 3943 2278 4011 possible
2313 3945 2438 3996 that
2460 3945 2556 3997 the
2579 3945 2816 3996 william
2838 3945 2909 3996 de

622 4030 896 4090 Tametom
919 4027 1200 4080 Seneschal
1220 4028 1276 4078 of
1300 4029 1458 4080 Peter
1474 4027 1544 4079 de
1563 4028 1703 4079 Brus
1727 4043 1765 4079 1.
1787 4044 1897 4079 was
1922 4045 1955 4078 a
1983 4027 2277 4093 Mowbray‚
2295 4028 2403 4079 and
2421 4028 2533 4079 also
2551 4028 2647 4079 the
2672 4027 2908 4080 william

622 4116 657 4140 “
676 4111 924 4162 dominus
945 4112 1013 4162 de
1037 4112 1303 4177 Tampton
1318 4111 1348 4136 ”
1373 4112 1430 4162 in
1454 4111 1801 4164 Archdeacon
1843 4111 2153 4163 Matthew's
2175 4112 2321 4172 time,
2348 4113 2455 4163 and
2492 4112 2614 4164 that
2641 4111 2908 4165 Radulfna

622 4194 910 4245 succeeded
943 4193 1074 4255 him,
1103 4193 1290 4261 giving
1324 4195 1473 4260 place
1508 4195 1704 4247 almost
1739 4194 2105 4260 immediately
2128 4198 2187 4245 to
2220 4193 2343 4244 Joh.
2373 4193 2631 4257 Medicus,
2663 4195 2770 4245 and
2807 4195 2905 4246 the

621 4278 787 4328 latter
808 4294 867 4329 as
892 4278 1130 4343 speedily
1154 4282 1213 4329 to
1238 4278 1446 4330 Walter
1469 4278 1536 4329 de
1563 4278 1795 4345 Mubray
1818 4278 1924 4330 and
1949 4278 2033 4329 his
2057 4294 2153 4329 son
2176 4277 2429 4340 William,
2458 4278 2532 4343 by
2554 4278 2821 4329 ruversion
2845 4282 2906 4329 to

620 4361 716 4411 the
740 4360 963 4428 original
988 4362 1175 4428 family
1196 4365 1218 4413 2

696 4441 714 4475 ¹
751 4445 906 4495 Some
933 4443 1061 4496 verb
1085 4445 1131 4496 is
1156 4445 1404 4511 required
1429 4445 1571 4508 here,
1597 4446 1703 4496 and
1730 4444 1990 4512 probably
2018 4445 2111 4496 the
2138 4444 2285 4496 word
2309 4443 2553 4510 supplied
2578 4461 2703 4511 may
2730 4460 2901 4510 repre-

621 4532 743 4576 sent
768 4527 826 4577 it.
