3285 5121
750 553 1293 608 CARTULARIUM
1331 553 1736 605 ABBATHIAE
1772 554 1869 606 DE
1903 554 2276 611 WHITRBY.
2522 551 2646 610 255

371 740 547 783 ream
574 720 649 784 in
677 724 991 803 praesente
1013 739 1220 795 causa,
1250 719 1319 781 in
1349 739 1617 802 persona
1647 721 2071 802 procuratoris
2100 722 2204 785 sui
2230 722 2538 806 praedicti,
2568 724 2651 789 ad

374 820 771 903 agnoscenda
800 825 867 884 et
910 818 1275 884 subeundal
1319 839 1513 883 onera
1552 819 2056 884 extraordinaria
2099 821 2170 884 in
2199 829 2428 906 quarta
2469 831 2651 907 parte

372 920 723 983 taxationis
768 920 957 984 dictae
995 919 1280 983 ecclesiae
1311 918 1390 982 de
1421 920 1659 994 Semar,
1689 939 1939 982 necnon
1980 918 2063 982 ad
2106 922 2540 1003 praestandum
2585 931 2654 991 ot

370 1018 753 1082 solvendum
797 1018 989 1083 dictis
1034 1017 1374 1101 Religiosis
1402 1017 1579 1094 viriS,
1607 1017 1724 1101 qui
1767 1018 1847 1081 de
1876 1019 2066 1082 totali
2110 1040 2298 1085 onere
2343 1022 2648 1105 praedicto

370 1117 654 1182 Domino
713 1124 929 1183 nostro
981 1119 1143 1202 Regi
1202 1137 1501 1182 concesso
1560 1118 1772 1200 ipsam
1831 1119 2165 1183 ecclesiam
2226 1128 2646 1187 concernente

368 1218 834 1295 satisfecerunt,
863 1217 1411 1300 condempnamus
1455 1216 1927 1280 sententialiter
1955 1223 2022 1281 et
2050 1218 2391 1284 diffinitive
2419 1221 2489 1284 in
2518 1222 2647 1285 hiis

366 1316 643 1400 scriptis,
673 1316 1321 1400 condempnationem
1342 1335 1771 1398 expensarum
1796 1337 1876 1380 ex
1895 1318 2105 1382 causis
2127 1318 2433 1403 legitimis
2456 1322 2647 1386 omit-

364 1420 594 1480 tentes,
683 1418 764 1479 111
795 1436 1070 1501 quorum
1100 1416 1391 1479 omnium
1419 1416 1865 1479 testimonium
1911 1422 2106 1500 atque
2134 1418 2327 1482 fidem
2357 1419 2645 1502 sigillum

368 1514 562 1577 officii
592 1516 797 1579 nostri
839 1516 1268 1599 praesentibus
1313 1515 1746 1599 apposuimus
1837 1516 2087 1580 Datum
2129 1518 2403 1582 Eboraci
2432 1519 2643 1602 quoad

367 1613 796 1696 signationem
823 1614 1256 1698 praesentium,
1279 1614 1527 1679 decimo
1551 1615 1657 1678 die
1679 1616 1919 1679 mensis
1949 1616 2193 1694 Martii,
2218 1617 2292 1681 A.
2315 1617 2396 1682 D.
2421 1638 2641 1701 supra-

365 1710 559 1777 dicto.

772 1936 1021 2002 CCCX.
1067 1937 1237 2002 Am
1265 1953 1479 2001 CARTA
1508 1953 1836 2002 ECCLESIAE
1866 1954 1952 2002 1111
1982 1939 2230 2004 81111111.

450 2101 787 2166 Universis
829 2102 890 2165 S.
922 2102 1015 2165 M.
1045 2099 1218 2164 Eccl.
1263 2100 1431 2177 filiis,
1462 2099 1544 2164 ad
1588 2119 1750 2182 quos
1794 2121 1886 2183 pr.
1931 2099 2168 2165 litterae
2209 2103 2639 2184 pervenerint,

356 2200 513 2264 D'ni
558 2201 868 2266 Officialis
918 2201 1112 2265 curiae
1153 2199 1575 2264 Eboracensis
1606 2199 2033 2265 Comissarius
2087 2200 2442 2279 Genemlis,
2486 2223 2532 2267 8.
2564 2203 2636 2266 111

356 2300 639 2366 Domino
668 2302 1141 2385 sempiternam.
1229 2300 1503 2365 Noverit
1546 2299 1723 2363 univ.
1755 2320 1815 2363 v,
1847 2299 2020 2383 quod
2064 2321 2199 2376 nos,
2231 2300 2305 2363 in
2333 2321 2526 2366 causa
2556 2302 2636 2367 de

356 2422 501 2486 quse
529 2402 797 2466 inferius
826 2405 1216 2465 memoratur
1243 2420 1456 2464 coram
1497 2399 1685 2463 nobis
1714 2399 1784 2462 in
1815 2399 1991 2463 dicta
2022 2400 2216 2463 Curia
2246 2400 2434 2466 Ebor.
2464 2402 2636 2466 inter

355 2508 569 2583 partes
598 2500 1035 2585 infrascriptas
1059 2520 1267 2584 nuper
1294 2506 1473 2564 mota
1494 2504 1560 2563 et
1588 2497 1928 2582 pendente,
1951 2497 2167 2563 debite
2196 2500 2633 2583 procedentes,

354 2606 585 2684 quarto
613 2601 720 2666 die
763 2601 1003 2665 mensis
1046 2599 1425 2665 Decembris
1456 2598 1535 2662 A.
1568 2598 1649 2661 D.
1680 2597 2025 2661 millesimo
2058 2599 2197 2685 (92)
2232 2608 2416 2663 00οΠιο
2458 2608 2631 2666 octo-

351 2700 593 2783 gesimo
649 2702 861 2778 tertio,
907 2701 1301 2765 sententiam
1353 2698 1771 2761 diffinitivam
1829 2697 1899 2760 in
1959 2697 2183 2761 eadem
2241 2699 2630 2782 protulimus

353 2799 475 2863 sub
504 2799 624 2863 hac
653 2800 871 2864 forma.
962 2800 1046 2862 Iu
1090 2798 1218 2863 Dei
1261 2797 1538 2874 nomine,
1569 2796 1801 2859 Amen.
1893 2795 2155 2860 Auditis
2185 2804 2253 2861 et
2280 2797 2631 2864 intellectis

351 2899 597 2963 meritis
626 2919 835 2964 causae
863 2898 1194 2963 occasione
1222 2918 1355 2961 non
1384 2895 1726 2961 solutionis
1770 2895 1979 2959 oneris
2008 2896 2318 2959 ordinarii
2345 2896 2630 2964 ecclesiae

348 2997 732 3080 parochialis
761 2997 841 3062 de
872 2999 1111 3076 Semar,
1133 2998 1322 3062 Ebor.
1354 2996 1693 3071 dioceseos,
1715 3000 1908 3059 motae
1938 3001 2004 3059 et
2033 2995 2375 3078 pendentis
2416 3016 2629 3062 coram

349 3097 554 3174 nobis,
609 3098 768 3161 D’ni
816 3097 1107 3162 officialis
1155 3096 1366 3161 Curiae
1414 3096 1599 3160 Ebot.
1656 3094 2039 3160 Comissario
2092 3095 2410 3173 Generali,
2460 3097 2632 3162 inter

350 3196 704 3279 Religiosos
732 3197 920 3272 viros,
950 3197 1276 3261 Abbatem
1305 3203 1372 3260 et
1396 3195 1595 3260 Conv.
1627 3193 1857 3258 Mon’ii
1888 3193 1969 3258 (18
1999 3194 2334 3277 Whiteby,
2364 3196 2627 3263 Ordinis

350 3295 411 3359 S.
445 3296 797 3374 Benedicti,
826 3296 1013 3360 Ebor.
1056 3296 1396 3373 dioceseos,
1426 3295 1668 3359 dictam
1701 3292 2037 3358 ecclesiam
2064 3293 2147 3358 de
2177 3294 2416 3372 Semar,
2445 3296 2627 3362 salva

348 3395 638 3476 portione
693 3395 953 3460 vicariae
1025 3394 1097 3459 in
1166 3395 1310 3479 ipsa
1382 3394 1656 3460 ecclesia
1721 3392 2050 3470 ordinatae,
2109 3393 2203 3457 eis
2269 3399 2336 3457 et
2400 3413 2625 3461 eorum

348 3491 589 3556 Mon'io
643 3493 947 3557 canonice
992 3494 1244 3557 unitam
1296 3499 1361 3558 et
1411 3513 1751 3569 annexam,
1801 3491 1873 3555 in
1922 3511 2081 3556 usus
2132 3511 2283 3558 suos
2335 3493 2623 3577 proprios

348 3590 733 3673 optinenteS,
750 3599 997 3675 partem
1016 3592 1317 3657 actricem
1333 3612 1449 3675 per
1470 3592 1859 3677 Magistrum
1878 3592 1924 3656 J
1925 3590 2247 3655 ohannem
2278 3591 2358 3656 de
2389 3591 2623 3676 Stayn·

347 3696 479 3766 ton,
509 3689 841 3767 seniorem,
885 3691 1223 3766 Clericum,
1250 3697 1724 3775 procuratorem
1768 3711 1978 3769 suum,
2006 3697 2500 3774 comparentem,
2541 3713 2622 3757 ex

343 3796 528 3871 parte
578 3808 751 3867 una3
806 3796 874 3853 et
925 3790 1279 3854 Robertum
1330 3790 1410 3854 de
1469 3790 1811 3875 Segbroke,
1859 3798 2245 3874 perpetuum
2287 3791 2621 3855 Vicarium

345 3889 535 3953 dictae
579 3888 864 3954 ecclesiae
909 3889 988 3953 de
1033 3890 1268 3964 Semar,
1299 3894 1549 3972 partem
1597 3909 1790 3967 ream,
1822 3891 2029 3973 primo
2073 3910 2187 3973 per
2215 3889 2623 3954 Willelmum

342 3988 744 4067 Killerwike,
767 3994 833 4053 et
860 3995 1082 4072 postea
1111 4009 1225 4072 per
1246 3989 1488 4052 M’rum
1518 3989 1563 4052 J
1567 3988 1887 4053 ohannem
1918 3989 2258 4072 Staynton,
2279 3989 2622 4071 juniorem,

342 4088 639 4166 OlericoS,
658 4095 1097 4172 procuratores
1127 4107 1293 4164 suos,
1311 4095 1804 4171 comparentem,
1821 4108 1903 4152 ex
1930 4094 2111 4171 parte
2142 4088 2378 4166 altera3
2406 4087 2621 4153 oblato

339 4188 527 4251 nobis
557 4194 624 4252 et
653 4188 843 4253 dictae
886 4187 1057 4271 parti
1097 4207 1220 4252 reae
1247 4186 1470 4252 libello
1515 4187 1703 4270 cujus
1747 4192 1933 4251 tenor
1975 4187 2127 4251 talis
2158 4188 2462 4251 estz—In
2491 4188 2621 4252 Dei

338 4287 616 4365 nomine,
659 4288 891 4352 Amen.
983 4286 1213 4352 Coram
1242 4286 1446 4363 vobis,
1473 4287 1761 4351 Domino
1803 4285 2062 4350 officiali
2106 4284 2298 4350 curiae
2337 4285 2621 4364 Eborac',

339 4391 632 4453 vestrove
716 4386 1100 4453 Comissario
1175 4386 1492 4462 Generali,
1565 4386 1726 4450 dicit
1800 4390 1864 4450 et
1946 4385 2016 4449 in
2093 4385 2238 4469 jure
2320 4386 2620 4469 proponit

1329 4509 1349 4544 ¹
1387 4512 1620 4562 subiund.
