3285 5121
687 611 1235 664 CARTULARIUM
1274 612 1681 663 ABBATBIAE
1718 611 1817 662 DE
1852 611 2224 662 WHITEBY.
2471 600 2594 659 263

322 780 557 840 nostrae
585 780 815 859 sponte
858 781 925 840 et
968 775 1258 840 absolute
1302 775 1796 853 commisissent,
1839 794 1974 852 nos,
2017 775 2241 839 habita
2284 774 2600 838 delibera-

319 875 513 951 tione,
545 895 795 940 necnon
838 874 1035 939 etiam
1077 881 1375 952 tractatu,
1405 895 1598 960 super
1642 896 1718 940 eo
1762 895 1912 939 cum
1956 874 2270 951 discretiS,
2310 875 2601 958 pensatis

320 977 390 1038 et
439 973 681 1038 taxatis
734 974 1155 1039 facultatibus
1202 973 1408 1059 ipsius
1457 973 1744 1039 ecclesiae
1802 993 1918 1056 per
1962 973 2138 1037 viros
2185 974 2310 1037 fide
2355 973 2601 1057 dignos,

320 1072 628 1136 vicariam
699 1072 908 1156 ipsam
980 1072 1420 1136 ordinavimus
1493 1072 1566 1135 in
1638 1072 1846 1136 forma
1929 1071 2289 1155 subscripta
2309 1070 2602 1135 z—videl.

321 1172 497 1254 qnod
526 1170 804 1237 vicarius
848 1172 965 1256 qui
1009 1192 1124 1256 pro
1167 1179 1456 1254 tempore
1501 1170 1626 1235 erit
1670 1169 1906 1235 habeat
1956 1177 2171 1234 totum
2222 1168 2602 1253 alteragium

321 1290 473 1336 cum
500 1270 735 1356 viginti
763 1272 927 1336 acris
957 1279 1144 1335 terrae
1188 1276 1256 1335 et
1295 1270 1547 1334 duobus
1574 1269 1759 1334 toftis
1789 1274 1939 1334 ante
1983 1277 2234 1353 portam
2277 1269 2604 1353 quondam

321 1370 582 1434 Ricardi
625 1369 705 1435 de
751 1371 1034 1447 Camera,
1077 1390 1222 1453 quae
1267 1368 1532 1452 quidem
1576 1368 1638 1433 ei
1681 1389 1797 1452 pro
1840 1368 2083 1434 vicaria
2124 1368 2603 1452 imperpetuum

320 1469 792 1552 assignavimus
824 1493 839 1534 z
913 1468 1266 1534 Reddendo
1351 1468 1504 1532 inde
1577 1468 1918 1532 annuatim
1993 1467 2189 1532 dictis
2262 1467 2605 1533 Monachis

322 1567 405 1632 de
477 1568 793 1651 Whiteby
864 1567 1101 1652 viginti
1189 1565 1955 1632 solidos—medietatem
2028 1565 2163 1631 scil.
2237 1566 2322 1630 ad
2407 1566 2451 1631 f.
2542 1567 2605 1631 S.

324 1666 599 1729 Martini
644 1666 718 1729 in
781 1686 989 1750 yeme,
1040 1671 1108 1730 et
1155 1666 1323 1731 med.
1371 1664 1456 1728 ad
1514 1665 1979 1745 Pentecosten3
2044 1670 2112 1729 et
2170 1664 2351 1729 salva
2411 1664 2606 1728 dictis

326 1765 504 1830 Mon.
535 1764 786 1829 decima
813 1764 981 1830 lanae
1010 1769 1078 1829 et
1120 1784 1433 1849 agnorum
1476 1764 1680 1828 totius
1722 1762 2041 1846 parochiae
2083 1763 2426 1847 praedictae,
2456 1783 2607 1828 cum

324 1862 577 1927 duabus
636 1863 930 1946 partibus
1002 1863 1137 1928 feni
1195 1863 1277 1929 de
1341 1862 1666 1928 dominico
1724 1862 1898 1926 vinae
1963 1863 2045 1927 de
2111 1862 2473 1947 Meybrun:
2540 1867 2608 1926 et

324 1963 502 2046 quod
551 1962 850 2039 vicariae,
893 1964 1009 2046 qui
1059 1983 1175 2046 pro
1220 1968 1507 2046 tempore
1549 1962 1674 2026 erit
1723 1961 1795 2025 in
1846 1961 2021 2025 dicta
2062 1961 2347 2039 ecclesia,
2393 1961 2612 2025 omnia

323 2081 519 2126 onera
552 2061 873 2126 ordinaria
915 2066 983 2127 et
1024 2060 1550 2127 consueta—scil.
1603 2060 1922 2125 sinodalia
1964 2064 2030 2125 et
2073 2060 2611 2125 archidiaconalia

324 2159 674 2225 sustineat:
719 2166 786 2225 et
829 2159 1003 2244 quod
1045 2161 1118 2225 in
1160 2158 1687 2226 extraordinariis
1730 2159 1994 2224 auxiliis
2033 2159 2253 2224 Abbas
2297 2165 2365 2224 01
2408 2160 2608 2224 Conv.

321 2259 403 2325 de
434 2259 747 2343 Whiteby
778 2259 916 2345 (97)
951 2280 1065 2344 pro
1095 2281 1212 2325 sua
1238 2260 1549 2344 portione,
1570 2259 1873 2324 Vicarius
1900 2279 2017 2343 pro
2046 2279 2183 2337 sua,
2211 2259 2606 2343 respondeat.

323 2358 812 2424 Ordinationem
856 2359 1176 2443 siquidem
1218 2358 1661 2444 praescriptam
1698 2366 1907 2423 ratam
1950 2358 2183 2423 habere
2213 2357 2514 2422 volumus
2543 2363 2611 2422 et

320 2457 641 2522 illibatam
668 2458 1164 2543 imperpetuum.
1240 2458 1325 2522 In
1352 2458 1537 2540 cujus
1566 2457 1661 2521 rei
1688 2455 2137 2521 testimonium
2164 2475 2345 2538 praes.
2370 2456 2610 2540 scripto

323 2556 611 2642 sigillum
640 2564 934 2623 nostrum
962 2557 1235 2624 fecimus
1266 2557 1523 2641 apponi.
1611 2554 1858 2622 Actum
1886 2554 2060 2637 apud
2091 2553 2373 2620 Karleol.
2403 2554 2611 2639 pridie

325 2656 635 2723 kalendas
677 2658 942 2742 Aprilis,
983 2657 1401 2741 pontificatus
1459 2655 1670 2719 nostri
1727 2674 1899 2718 anno
1942 2653 2251 2718 vicesimo
2297 2653 2521 2737 primo.
2527 2687 2612 2699 —-

324 2757 480 2835 Nos,
509 2757 723 2842 igitur,
750 2757 1112 2841 praemissas
1157 2755 1599 2820 concessiones
1628 2761 1696 2818 et
1725 2752 2245 2818 confirmationes
2288 2751 2611 2835 praedictis

323 2855 397 2920 in
427 2855 683 2922 Christo
714 2856 886 2933 filiis,
906 2875 1101 2938 super
1126 2854 1396 2944 praefata
1424 2852 1692 2918 ecclesia
1720 2853 1801 2917 de
1833 2851 2112 2934 Crossby
2143 2850 2609 2915 Ravenswarth

324 2955 397 3021 in
438 2956 726 3040 proprios
769 2975 928 3021 113113
970 2952 1297 3038 perpetuis
1340 2952 1742 3036 temporibus
1788 2950 2195 3034 possidenda,
2224 2950 2463 3015 factas·
2447 3000 2464 3030 ,
2511 2950 2613 3014 in·

323 3076 517 3140 super
554 3062 622 3119 et
654 3055 1053 3119 taxationem
1083 3051 1341 3117 vicariae
1383 3050 1708 3135 praedictae
1751 3050 2037 3116 ecclesiae
2079 3049 2275 3133 paulo
2319 3051 2614 3133 superius

323 3159 756 3230 memoratam,
784 3160 956 3218 ratas
1000 3156 1067 3217 01
1101 3152 1317 3215 firmas
1359 3150 1693 3225 habentes,
1723 3169 1804 3214 ex
1849 3155 2026 3214 certa
2066 3147 2341 3213 scientia
2385 3149 2613 3214 confir-

324 3272 591 3317 mamus,
681 3253 768 3316 Et
810 3252 867 3317 si
911 3251 1059 3336 quis
1088 3250 1379 3315 defectus
1422 3248 1495 3312 in
1539 3248 1761 3331 aliqua
1800 3247 2259 3332 praedictarum
2302 3249 2614 3312 concessi-

325 3370 524 3414 onum
553 3371 664 3415 seu
695 3351 1253 3416 confirmationum
1282 3348 1495 3425 fuerit,
1516 3346 1729 3424 11111111,
1750 3352 1818 3411 01
1845 3345 1995 3410 11103
2024 3345 2083 3410 31
2112 3345 2329 3429 plures
2352 3344 2614 3423 fuerint,

325 3449 552 3513 habita
579 3470 771 3534 super
797 3449 920 3514 hoc
950 3448 1407 3514 deliberatione
1437 3453 1506 3511 01
1533 3450 1817 3511 tractatu
1862 3465 2014 3510 cum
2058 3450 2279 3509 nostro
2323 3444 2615 3521 concilio,

327 3548 626 3632 diligenti
673 3548 956 3613 caritatis
1005 3547 1269 3625 intuitu,
1314 3545 1699 3612 auctoritate
1742 3543 2102 3630 pontificali
2152 3542 2616 3628 su[p]plemus:

327 3646 422 3710 ita
465 3645 767 3710 videlicet
808 3646 982 3730 quod
1024 3644 1266 3710 dictam
1308 3644 1666 3723 ecclesiam,
1695 3664 1848 3709 cum
1889 3644 2193 3708 omnibus
2235 3644 2373 3708 suis
2416 3643 2615 3727 perti·

329 3743 587 3822 nentiis‚
616 3744 797 3809 salva
838 3743 1144 3828 praedicta
1184 3743 1478 3826 portione
1505 3743 1764 3808 vicariae
1806 3743 2132 3827 assignata
2173 3741 2246 3805 in
2282 3742 2507 3807 eadem
2544 3741 2616 3805 in

328 3842 617 3927 proprios
640 3862 814 3919 usus,
832 3843 1001 3906 sicut
1028 3841 1341 3906 hactenus
1369 3840 1757 3920 habuerunt,
1780 3840 1853 3904 in
1881 3846 2213 3924 posterum
2241 3839 2616 3923 possideant

330 3950 398 4009 et
455 3942 736 4007 habeant
792 3941 1287 4024 imperpetuum,
1339 3939 1604 4024 integre,
1655 3939 1917 4023 pacifice
1976 3960 2053 4004 ac
2109 3939 2371 4022 quiete3
2436 3938 2617 4003 salva

329 4048 547 4107 tamen
576 4041 650 4104 in
677 4040 979 4105 omnibus
1000 4038 1304 4104 Ecclesiae
1322 4038 1766 4103 ΚΘΔ-1001011313
1795 4037 2129 4121 dignitate,
2157 4043 2224 4101 et
2244 4037 2503 4121 juribus
2533 4037 2617 4101 ad

328 4142 540 4225 ipsam
589 4139 1067 4224 pertinentibus
1112 4136 1195 4202 de
1240 4137 1481 4202 eadem.
1570 4138 1654 4200 In
1701 4137 1888 4220 cujus
1932 4137 2026 4201 rei
2072 4136 2266 4200 robur
2311 4141 2379 4199 et
2429 4134 2617 4200 testi·

329 4239 623 4304 monium
641 4239 752 4324 sig.
777 4244 1066 4303 nostrum
1093 4236 1362 4301 fecimus
1382 4256 1498 4304 scr.
1520 4256 1611 4319 pr.
1636 4235 1892 4319 apponi.
1981 4235 2233 4299 Datum
2254 4234 2429 4317 apud
2474 4284 2489 4301 .
2539 4284 2554 4301 .
2601 4284 2615 4299 .

331 4347 514 4405 sexto
556 4340 705 4404 idus
761 4342 808 4406 J
813 4339 970 4416 unii,
1012 4338 1088 4403 A.
1134 4336 1213 4402 G.
1261 4335 1606 4401 millesimo
1654 4355 1727 4400 cc
1771 4334 2156 4418 octogesimo
2202 4334 2429 4417 primo.
2534 4334 2617 4396 In

330 4439 527 4522 hujus
555 4438 649 4504 rei
688 4436 1131 4503 testimonium
1170 4433 1458 4518 sigillum
1487 4433 1926 4499 officialitatis
1958 4432 2170 4497 Curiae
2198 4432 2617 4499 Eboracensis

330 4538 631 4622 praesenti
660 4537 897 4621 scripto
929 4536 1199 4601 fecimus
1230 4533 1482 4618 apponi,
1572 4534 1823 4596 Datum
1853 4538 1973 4596 etc.
