3285 5121
319 3548 486 3610 Temp.
502 3549 567 3600 Η.
586 3549 628 3598 1.

683 571 764 630 30
1045 579 1589 633 GARTULARIUM
1624 579 2039 632 ABBATHIAE
2073 580 2172 632 DE
2205 579 2580 633 WHITEBY.

678 746 895 810 omnia
924 764 1204 822 nemora,
1232 765 1383 809 eum
1412 744 1598 829 aquis
1629 751 1696 809 et
1726 745 1971 829 stagnis
2015 745 2098 809 ad
2142 744 2337 829 praed.
2370 744 2543 809 Eccl.
2586 744 2665 809 de
2695 743 2953 809 Whitbi

673 845 1163 929 pertinentibus,
1254 845 1416 909 Haec
1446 852 1644 928 atque
1686 845 1905 909 omnia
1934 844 2230 909 dedimus
2270 865 2387 929 ego
2430 850 2498 910 et
2538 850 2724 928 pater
2750 863 2952 920 meus,

674 951 741 1010 et
770 966 929 1009 avus
959 964 1158 1022 mene,
1187 950 1254 1009 et
1303 950 1601 1028 parentes
1631 944 1778 1021 mei,
1808 950 1874 1010 et
1924 965 2041 1029 ego
2086 966 2163 1010 ea
2206 946 2510 1023 concessi,
2541 951 2607 1010 et
2648 944 2949 1030 praesenti

674 1051 850 1109 cai-ta
895 1044 1284 1122 confirmavi,
1314 1044 1456 1109 Deo
1501 1050 1567 1108 et
1612 1045 1673 1109 S.
1721 1044 1911 1108 Petro
1956 1049 2023 1108 et
2062 1044 2124 1110 S.
2174 1045 2394 1109 Hildae
2439 1045 2519 1111 de
2564 1045 2854 1127 Whitby‚
2884 1049 2951 1109 et

673 1144 1005 1209 monachis
1049 1143 1201 1208 ibid.
1234 1144 1389 1208 Deo.
1441 1164 1620 1220 serv„
1658 1144 1729 1207 in
1770 1144 1948 1208 elem.
1980 1164 2176 1228 perp„
2204 1144 2300 1207 ita
2345 1143 2563 1222 libere,
2608 1144 2829 1228 quiete
2872 1163 2947 1207 ae

669 1244 879 1308 solute
910 1265 992 1308 ex
1023 1244 1200 1307 omni
1245 1243 1579 1308 exactione
1622 1250 1691 1308 et
1736 1243 2202 1308 consuetudine
2232 1244 2542 1321 saeculari,
2572 1244 2747 1328 quod
2775 1243 2946 1307 nihil

670 1345 934 1409 omnino
964 1343 1092 1408 nisi
1123 1342 1420 1407 Abbatiae
1450 1342 1889 1407 defensionem
1931 1343 2131 1407 michi
2174 1343 2430 1408 retinui.
2520 1343 2655 1428 Ego
2684 1363 2834 1407 vero
2877 1349 2944 1407 et

668 1442 817 1508 haer.
893 1443 1023 1506 mei
1094 1441 1449 1506 Abbatiam
1523 1442 1603 1506 de
1660 1442 1939 1527 Whitby
1998 1448 2064 1506 et
2134 1448 2340 1508 totam
2413 1442 2944 1527 praenominatam

668 1542 1083 1606 elemosinam
1142 1562 1355 1605 meam
1415 1540 1834 1606 defendemus
1891 1546 1960 1605 et
2030 1540 2552 1625 adquietabimus
2625 1542 2707 1607 ab
2764 1541 2943 1606 omni

666 1642 964 1724 equitatu
994 1646 1060 1705 et
1083 1640 1317 1706 forensi
1349 1640 1612 1704 servitio
1642 1645 1710 1705 et
1733 1640 2200 1706 consuetudine
2229 1641 2521 1706 saeculari
2550 1641 2621 1705 in
2643 1641 2944 1706 omnibus

664 1742 874 1805 rebus.
966 1740 1088 1803 Hii
1127 1746 1281 1803 sunt
1323 1744 1537 1803 testes.
1628 1739 2014 1816 Gilebertu8‚
2058 1739 2233 1804 filius
2286 1741 2591 1805 Fulconis
2631 1740 2940 1825 Dapiferi.

667 1839 1010 1919 Erneldus‚
1037 1838 1362 1903 Presbiter
1391 1838 1471 1902 de
1515 1839 1894 1904 Tateoestre.
1984 1839 2318 1919 Robertus,
2363 1840 2538 1905 filius
2583 1840 2814 1905 Piehot
2858 1838 2939 1902 de

667 1937 865 2002 Perci.
955 1937 1352 2014 Baldwinu8‚
1381 1936 1555 2001 filius
1600 1937 1935 2022 Radulphi
1978 1938 2059 2003 de
2109 1938 2351 2003 Irtuna.
2442 1938 2812 2003 Willelmus
2856 1936 2937 2001 de

668 2034 1180 2123 Hanohesgarde.
1271 2035 1676 2120 hidulphus,
1729 2037 2057 2103 Presbiter
2099 2038 2180 2103 de
2230 2037 2524 2120 Whitby.
2616 2038 2937 2101 Robertus

667 2136 890 2213 Cocus,
921 2144 987 2200 et
1015 2136 1341 2200 Walterus
1371 2136 1544 2200 filius
1575 2136 1732 2219 ejus.
1821 2136 2054 2215 Adam,
2084 2137 2475 2222 Praepositus
2518 2136 2599 2202 de
2640 2136 2934 2220 Whitby.

665 2235 977 2300 Richerus
1007 2235 1181 2299 filius
1209 2234 1498 2313 macher,
1527 2241 1594 2301 et
1624 2236 1977 2302 Geufridus
2007 2237 2182 2302 filius
2212 2238 2351 2322 ejus
2377 2261 2395 2318 ;
2438 2241 2504 2301 et
2530 2236 2727 2300 multi
2755 2235 2915 2301 alii.1

732 2371 752 2405 ¹
788 2373 1047 2425 Cherlton
1069 2372 1168 2424 hes
1191 2373 1346 2424 made
1369 2373 1573 2423 several
1597 2373 1894 2425 mistekes
1878 2391 1934 2425 m
1958 2374 2177 2443 reading
2214 2374 2310 2426 the
2332 2391 2515 2427 names
2550 2374 2607 2426 of
2642 2375 2792 2427 these
2816 2374 2934 2426 wit·

662 2472 855 2521 nenses,
880 2473 939 2507 66
962 2456 1076 2507 will
1098 2472 1294 2524 appear
1327 2457 1386 2507 in
1421 2455 1610 2525 noting
1646 2456 1784 2508 his‘
1790 2457 2042 2522 ‘Ernsld‚
2070 2458 2246 2510 Prieet
2281 2458 2338 2510 of
2373 2458 2684 2510 Tendsere'’
2726 2458 2936 2523 (which,

659 2542 716 2595 in
740 2558 773 2594 6
796 2545 939 2604 note,
964 2540 1034 2592 he
1057 2545 1243 2608 ssys,‘
1245 2540 1321 2592 ‘in
1343 2544 1487 2594 most
1523 2540 1786 2609 probably
1819 2540 2140 2595 Smnseere’
2144 2542 2178 2607 ’)
2223 2541 2359 2595 with
2399 2542 2494 2595 the
2536 2546 2658 2594 true
2698 2541 2934 2608 reading,

658 2626 767 2676 and
814 2625 968 2694 again
1016 2625 1072 2676 in
1116 2625 1254 2677 his‘
1258 2624 1518 2688 ‘Danielg
1568 2625 1828 2677 Dewine”
1868 2627 1953 2678 for
1994 2626 2339 2689 Baldevine,
2392 2624 2683 2685 “RiehnrtL
2736 2640 2834 2676 non
2881 2625 2938 2676 of

658 2709 931 2773 Blacher‚''
952 2709 1039 2761 for
1061 2710 1271 2774 Rieher‚
1298 2727 1394 2762 son
1429 2714 1529 2762 ete.
1553 2729 1570 2773 ς
1603 2710 1752 2762 and‘
1756 2710 2065 2772 ‘Ranfridss'
2089 2710 2176 2762 for
2198 2709 2426 2763 Gauirid
2448 2726 2509 2761 or
2533 2707 2796 2773 Geoffrey.

728 2793 943 2845 Several
967 2794 1024 2845 oi
1041 2793 1134 2845 the
1157 2793 1420 2846 aforesaid
1443 2794 1718 2846 witnesses
1742 2794 1967 2845 number
1992 2810 2185 2861 among
2220 2795 2316 2845 the
2354 2791 2702 2854 “homines,'’
2727 2807 2788 2843 or
2810 2789 2933 2841 sub·

656 2876 981 2929 feudatories
1005 2877 1061 2928 of
1096 2877 1337 2929 William
1361 2878 1429 2929 de
1452 2878 1636 2944 Pet-ey,
1662 2877 1756 2929 the
1781 2882 1999 2944 grenton-
2021 2878 2079 2928 of
2113 2877 2224 2929 this
2247 2877 2476 2941 chax-ter,
2501 2893 2560 2930 ns
2583 2876 2696 2930 will
2719 2875 2785 2927 be
2810 2890 2934 2926 seen

656 2960 795 3011 from
812 2960 908 3012 the
932 2960 1203 3028 following
1225 2965 1434 3011 extract
1452 2979 1542 3011 :—

727 3043 895 3095 Black
914 3043 1061 3095 Book
1082 3045 1145 3107 os
1161 3045 1241 3094 the
1264 3044 1568 3108 five-hequen
1594 3059 1646 3109 p.
1676 3045 1762 3095 60.

727 3127 839 3177 Rea
859 3125 1005 3177 Book
1029 3126 1095 3189 qs
1111 3127 1191 3176 Une
1215 3125 1526 3189 Επήεφιον,
1552 3141 1604 3190 p.
1636 3126 1755 3177 119.
1829 3125 2005 3187 Ebor„
2030 3141 2081 3190 p.
2109 3126 2196 3178 60.

724 3209 889 3260 Carta
910 3206 1165 3259 Willelmi
1188 3207 1256 3258 de
1279 3206 1445 3258 Porci.

724 3290 958 3342 Hem-ico
983 3291 1117 3357 Regi
1140 3289 1488 3353 serenissimo,
1514 3289 1580 3341 D'
1583 3306 1654 3341 no
1678 3305 1811 3351 meo,
1843 3290 2145 3341 willelmus
2168 3290 2236 3340 de
2260 3289 2410 3341 Perci
2432 3290 2658 3340 salutem
2683 3293 2740 3340 et
2763 3287 2932 3339 fideli-

655 3378 839 3425 tatem.
914 3374 1017 3425 Isti
1053 3378 1181 3424 sunt
1204 3373 1403 3423 milites
1436 3373 1531 3440 qui
1568 3372 1827 3424 infeodati
1867 3378 1998 3425 sunt
2033 3373 2102 3424 de
2142 3388 2262 3422 meo
2303 3372 2473 3434 feodo,
2505 3376 2617 3423 tm
2652 3372 2719 3423 de
2743 3375 2926 3422 vetere

657 3472 819 3523 quam
841 3457 908 3507 de
931 3472 1087 3508 novo.

798 3539 1064 3591 Robertus
1088 3538 1309 3604 Dapiier
1562 3539 1630 3590 de
1774 3578 1786 3590 .
1932 3579 1944 3592 .
2093 3580 2104 3592 .
2251 3577 2264 3589 .
2410 3538 2482 3591 iii.
2509 3536 2785 3589 militibus.

795 3622 1060 3676 Robertus
1083 3622 1225 3673 filius
1248 3621 1440 3673 Piehot
1611 3661 1624 3674 .
1774 3660 1786 3674 .
1934 3662 1945 3674 .
2092 3662 2104 3674 .
2252 3661 2263 3672 .
2431 3660 2469 3684 „

795 3706 1095 3758 willelmus
1118 3706 1169 3757 16
1192 3705 1439 3756 Vavasur
1607 3744 1619 3757 .
1767 3747 1777 3756 .
1928 3746 1938 3757 .
2085 3745 2096 3756 .
2245 3746 2255 3756 .
2413 3706 2466 3756 ii.

795 3790 942 3840 will.
968 3788 1056 3841 fil'.
1085 3790 1329 3856 Hugonis
1610 3829 1620 3840 .
1770 3831 1780 3841 .
1929 3830 1938 3840 .
2088 3829 2099 3840 .
2248 3832 2258 3843 .
2428 3790 2462 3842 i.
2529 3789 2715 3841 milite.

793 3873 939 3924 will.
966 3874 1033 3924 de
1058 3874 1213 3925 Nova
1236 3873 1384 3924 Villa

796 3956 1102 4009 Gilebertns
1126 3957 1192 4008 de
1216 3957 1411 4008 Archi·
1607 3997 1618 4009 .

796 4040 1109 4106 Radulphus
1133 4040 1200 4090 de
1224 4040 1531 4091 Mandavile
1610 4079 1620 4089 .

795 4124 1068 4175 Galfridns
1091 4124 1159 4175 de
1184 4122 1420 4174 valoniis

794 4211 1025 4262 Thomas
1048 4208 1280 4261 Daiville

794 4294 1033 4346 william
1059 4292 1300 4344 Arundel

795 4379 956 4445 Hugo
978 4376 1154 4428 Foliot
1290 4413 1303 4426 .
1450 4412 1462 4425 .

794 4462 1062 4513 Robertus
1086 4459 1156 4511 fil.
1184 4458 1407 4510 Roberti
1452 4496 1463 4507 .

797 4544 1061 4596 Robertus
1078 4544 1145 4594 de
1170 4542 1345 4594 Hallei
1452 4580 1463 4592 .
