3285 5121
705 592 1252 646 CARTULARIUM
1287 593 1697 646 ABBATHIAE
1732 594 1831 645 DE
1865 592 2234 646 WHITEBY.
2495 580 2618 640 253

346 759 578 824 Amen.
669 758 897 823 Coram
922 758 1123 835 vobiS,
1145 759 1315 822 D'no
1340 757 1617 823 officiali
1642 758 1853 823 Curiae
1871 755 2308 833 Eboracensis,
2329 762 2624 821 vestrove

350 858 801 924 Commissario
822 857 1142 933 Generali,
1164 857 1342 933 dicit,
1371 858 1443 920 in
1464 858 1610 940 jure
1640 858 1959 941 proponit,
1982 857 2363 920 Procurator
2384 854 2625 937 Religi-

347 977 602 1021 osorum
631 957 934 1032 virorum,
963 955 1239 1020 Abbatis
1284 962 1350 1019 et
1380 955 1579 1019 Conv.
1613 956 1845 1020 Mon’ii
1889 955 1970 1019 de
2000 954 2330 1037 Whiteby,
2360 953 2624 1017 Ordinis

349 1056 410 1121 S.
459 1058 550 1133 B„
594 1056 780 1120 Ebor.
826 1055 1166 1130 dioceseos,
1218 1054 1370 1119 eccl.
1414 1053 1667 1137 paroch.
1719 1054 1802 1118 de
1849 1054 2088 1130 Semar,
2132 1049 2303 1136 (90¹²)
2337 1051 2626 1135 ejusdem

349 1155 692 1231 dioceseos,
720 1154 901 1217 salva
943 1153 1235 1236 portione
1272 1152 1526 1217 vicariae
1570 1153 1640 1216 in
1684 1153 1828 1236 ipsa
1869 1151 2138 1217 ecclesia
2180 1150 2504 1228 ordinatae,
2533 1150 2628 1214 eis

349 1259 418 1319 et
460 1274 682 1317 eorum
732 1252 975 1316 Mon’io
1027 1252 1334 1316 canonice
1385 1251 1640 1315 unitam
1672 1259 1739 1316 et
1781 1271 2120 1327 annexam,
2162 1251 2233 1313 in
2277 1270 2433 1314 usus
2477 1269 2628 1314 suos

346 1353 640 1437 proprios
662 1350 1113 1436 optinentium,
1138 1351 1401 1415 nomine
1430 1351 1864 1433 procuratorio
1885 1370 2002 1434 pro
2025 1349 2269 1415 eisdem
2290 1348 2629 1433 Religiosis

350 1473 425 1517 ac
455 1451 701 1516 Mon’io
731 1456 798 1515 et
826 1450 1095 1516 ecclesia
1124 1450 1260 1514 suis
1289 1449 1630 1533 praedictis,
1654 1456 1875 1514 contra
1891 1450 2137 1513 D'num
2167 1449 2519 1513 Robertum
2548 1447 2630 1511 de

352 1551 693 1635 Segbroke‚
741 1556 1128 1632 perpetuum
1177 1549 1511 1613 Vicarium
1563 1549 1850 1616 ecclesiae
1902 1549 1981 1613 de
2035 1548 2259 1613 Semar
2306 1546 2521 1631 praed.,
2563 1552 2631 1609 et

353 1655 575 1714 contra
618 1648 973 1732 quemlibet
1010 1668 1127 1731 pro
1171 1647 1395 1711 eodem
1439 1667 1654 1711 coram
1704 1648 1887 1712 vobis
1938 1648 2009 1710 in
2046 1646 2293 1730 judicio
2343 1645 2632 1729 legitime

355 1752 848 1832 comparentem,
900 1747 1092 1829 quod,
1143 1767 1226 1811 ex
1285 1747 1592 1811 canonica
1649 1747 2051 1812 ordinatione
2110 1746 2317 1829 ipsius
2375 1744 2631 1808 vicariae

355 1846 736 1913 auctoritate
766 1845 1118 1928 apostolica
1161 1846 1349 1921 facta,
1379 1846 1615 1910 solutio
1647 1846 1939 1910 omnium
1982 1844 2633 1910 extraordinariorum

355 1965 885 2030 quorumcunque
915 1945 1125 2027 ipsam
1167 1945 1504 2010 ecclesiam
1535 1946 2071 2029 qualitercunque
2099 1942 2635 2027 contingentium,

355 2067 438 2111 ex
468 2050 696 2129 quarta
725 2049 908 2127 parte
937 2043 1286 2107 taxationis
1317 2044 1606 2127 ejusdem
1636 2044 1938 2122 ecclesiae,
1961 2043 2044 2107 ad
2073 2044 2283 2127 ipsam
2311 2042 2636 2118 vicariam,

356 2151 423 2209 et
451 2163 674 2209 omnes
717 2142 989 2207 vicarios
1033 2142 1325 2226 ejusdem
1368 2143 1484 2226 qui
1512 2143 1772 2208 fuerant
1801 2164 1841 2208 a
1881 2149 2170 2227 tempore
2212 2140 2636 2206 ordinationis

354 2244 660 2329 predictae
688 2242 965 2319 vicariae,
1008 2248 1074 2306 et
1104 2249 1296 2307 erunt
1338 2243 1737 2326 temporibus
1766 2264 1881 2327 pro
1926 2242 2183 2317 futuris,
2212 2241 2528 2326 pertinuit
2572 2246 2638 2303 et

353 2345 638 2428 pertinet
660 2346 727 2406 et
748 2342 1066 2424 pertinere
1088 2340 1461 2418 dinoscitur,
1478 2342 1737 2426 ipsique
1758 2343 1986 2407 vicarii
2009 2342 2295 2407 ecclesiae
2313 2341 2393 2406 de
2418 2341 2640 2405 Semar

355 2443 440 2507 ad
484 2440 820 2506 subeunda
847 2447 913 2505 et
955 2439 1264 2505 solvenda
1294 2442 1513 2505 omnia
1555 2441 2062 2506 extraordinaria
2108 2441 2491 2524 supradicta,
2521 2459 2638 2522 pro

357 2547 591 2626 quarta
617 2545 798 2625 parte
840 2539 1165 2624 praedicta,
1193 2540 1599 2618 tenebantur,
1628 2540 1870 2625 singuli
1914 2560 2030 2624 pro
2059 2539 2196 2604 suis
2225 2538 2640 2622 temporibus,

359 2661 475 2725 pro
504 2648 794 2724 tempora
820 2639 1227 2723 supradicta3
1269 2646 1335 2704 et
1366 2638 1579 2704 dictus
1606 2640 1816 2704 D’nus
1846 2639 2184 2714 Robertus,
2205 2638 2503 2708 vicarius,
2524 2657 2640 2720 pro

361 2747 647 2823 tempore
668 2759 803 2822 ‚suo
854 2744 1132 2816 tenetur,
1181 2738 1399 2822 vigore
1446 2738 1871 2803 ordinationis
1921 2737 2280 2822 praedictae;
2337 2735 2641 2819 quodque

361 2840 573 2905 clerus
593 2839 854 2903 Eborac.
879 2838 1220 2914 dioceseos,
1242 2837 1415 2901 inter
1441 2837 1610 2901 festa
1634 2836 1695 2901 S.
1719 2836 1996 2901 Andreae
2018 2843 2086 2900 et
2105 2835 2343 2900 natalis
2373 2835 2643 2899 Domini

359 2938 592 3004 ultime
635 2937 981 3022 praeterita,
1041 2935 1373 3020 quoddam
1438 2935 2083 3000 subsidium—videl.
2142 2935 2303 2998 duas
2362 2933 2644 2999 decimas

360 3045 793 3123 proventuum
852 3035 1145 3099 omnium
1205 3034 1663 3100 beneficiorum
1722 3056 1985 3099 suorum
2045 3032 2644 3110 ecclesiasticorum,

363 3136 719 3202 secundum
750 3155 987 3199 novam
1016 3140 1236 3198 taxam
1265 3134 1627 3199 eorundum
1657 3133 1727 3197 in
1756 3155 1949 3217 regno
1979 3132 2237 3217 Angliae
2264 3138 2646 3210 currentem,

366 3235 706 3300 solvendas
736 3235 816 3299 ad
847 3234 1008 3299 duos
1040 3234 1351 3299 terminos
1381 3254 1422 3298 a
1449 3234 1565 3298 diu
1596 3233 1884 3310 effluxos,
1911 3239 2176 3317 propter
2216 3232 2421 3315 ipsius
2465 3233 2647 3316 regni

367 3334 821 3410 defensionem,
849 3353 1047 3397 unam
1075 3332 1149 3396 in
1177 3354 1294 3398 suo
1322 3353 1641 3398 consensu
1678 3332 2028 3397 liberaliter
2056 3331 2388 3408 concessit,
2418 3332 2646 3415 praesa·

366 3441 475 3498 tus
513 3438 733 3498 tamen
778 3433 987 3496 D'nus
1027 3432 1345 3497 Robertus
1389 3432 1470 3496 de
1511 3431 1851 3516 Segbroke,
1895 3431 2012 3515 qui
2056 3431 2297 3495 dictam
2341 3430 2648 3495 vicariam

369 3530 654 3595 ecclesiae
683 3530 763 3595 de
806 3531 1045 3607 Semar,
1073 3530 1155 3593 ad
1186 3530 1609 3615 quadraginta
1651 3550 1897 3595 marcas
1928 3529 2382 3614 sterlingarum
2420 3549 2648 3594 secun·

370 3628 529 3691 dum
547 3647 781 3692 novam
798 3633 1018 3693 taxam
1039 3633 1295 3705 taxatae,
1315 3649 1432 3712 per
1451 3650 1659 3693 unum
1681 3650 1927 3693 annum
1944 3629 2266 3713 integrum
2285 3636 2351 3693 et
2368 3628 2649 3711 amplius

371 3727 620 3791 notarie
671 3726 970 3804 detinuit,
1020 3728 1377 3810 occupavit,
1429 3735 1495 3793 et
1542 3733 1816 3812 occupat
1865 3729 1938 3791 in
1988 3729 2292 3812 praesenti
2350 3736 2650 3812 quartam

369 3832 621 3911 partem
664 3824 822 3889 dicti
867 3825 1158 3902 subsidii,
1188 3826 1376 3890 dictae
1405 3825 1692 3891 ecclesiae
1720 3826 1801 3891 de
1845 3827 2106 3891 Semara
2149 3827 2397 3891 notorie
2437 3827 2649 3891 oneris

372 3923 880 4000 extraordinarii,
940 3925 1200 3989 nomine
1258 3925 1515 3990 vicariae
1572 3945 1707 3990 suae
1758 3926 2159 4009 supradictae,
2217 3945 2362 4008 quae
2421 3931 2650 4008 quarta

370 4045 519 4110 pars
555 4024 693 4110 (91)
719 4024 803 4088 ad
832 4024 993 4089 duas
1022 4044 1270 4089 marcas
1298 4025 1549 4108 argenti
1578 4026 1827 4090 notarie
1858 4046 1927 4090 se
1949 4024 2262 4101 extendit,
2292 4044 2650 4108 agnoscere,

373 4124 589 4190 subire
640 4132 707 4189 et
757 4124 1003 4189 solvere
1049 4131 1116 4189 et
1165 4124 1506 4188 tenebatur
1548 4131 1614 4189 et
1657 4130 1936 4202 tenetur,
1979 4143 2254 4208 congrue
2298 4124 2650 4207 requisitus

374 4245 508 4289 non
551 4223 820 4300 curavit,
850 4243 1060 4306 neque
1104 4229 1307 4298 curat,
1347 4222 1463 4287 sed
1506 4222 1628 4286 hoc
1659 4223 1865 4288 facere
1909 4241 2225 4305 expresse,
2256 4221 2540 4287 indebite
2585 4228 2653 4287 et

373 4324 636 4408 injuste,
653 4322 722 4385 in
753 4322 1042 4406 ipsorum
1061 4320 1337 4385 Abbatis
1369 4327 1434 4385 et
1464 4320 1663 4387 ConV.
1687 4321 2134 4406 praejudicium
2165 4340 2297 4385 non
2325 4320 2651 4386 modicum

375 4431 443 4487 et
465 4423 823 4506 jacturam;
867 4442 1012 4505 quae
1042 4425 1196 4486 sunt
1225 4419 1502 4503 publica,
1530 4421 1782 4484 notaria
1811 4426 1878 4485 et
1905 4420 2252 4484 manifesta
2286 4419 2358 4484 in
2388 4419 2651 4488 civitate

376 4522 699 4588 dioceseos
743 4522 929 4586 Ebor.
984 4527 1051 4585 et
1110 4519 1270 4583 locis
1324 4518 1631 4604 (vicinis),
1685 4525 1751 4584 et
1808 4538 2002 4603 super
2044 4518 2172 4583 hiis
2219 4518 2535 4585 laboravit
2585 4525 2652 4585 et
