3285 5121
672 612 1217 665 0ARTULAR1UM
1264 611 1666 663 ABBATHIAE
1700 612 1795 662 DE
1833 611 2201 665 WHITEBY.
2444 606 2560 662 145

297 796 447 840 vero
478 776 930 841 defunctorum
975 776 1182 840 eidem
1230 775 1492 860 capellae
1533 776 1998 859 pertinentium
2038 778 2106 840 in
2138 779 2449 844 cimiterio
2492 781 2561 844 B.

296 875 523 939 Mariae
552 875 633 939 de
669 874 935 956 witeby
966 874 1372 957 sepelientur.
1464 874 1707 937 Nullus
1749 895 1898 939 vero
1938 876 2018 939 ad
2063 876 2452 940 cimiterium
2492 879 2562 943 B.

295 974 474 1037 Petri
496 974 831 1051 deferetur,
855 995 972 1038 nec
994 974 1372 1056 quicquam¹
1395 973 1554 1037 illuc
1578 973 1789 1039 ducet.
1863 976 2185 1039 Dominus
2205 997 2351 1040 vero
2373 978 2565 1055 villae,

295 1079 365 1136 et
405 1074 709 1150 Clericus,
754 1074 997 1156 absque
1042 1073 1220 1136 omni
1262 1072 1530 1136 licentia
1571 1073 1866 1137 Personae
1911 1074 2173 1157 capellae
2218 1076 2565 1153 attributae,

293 1173 367 1236 in
398 1174 712 1237 cimiterio
745 1174 804 1237 S.
835 1172 1011 1236 Petri
1041 1172 1403 1255 sepelietur,
1425 1171 1483 1235 si
1513 1172 1583 1234 in
1613 1172 1750 1235 vita
1781 1194 1898 1237 sua
1927 1173 2207 1256 elegerit,
2237 1174 2344 1239 vel
2375 1176 2566 1239 amici

294 1280 445 1355 post
487 1279 759 1336 mortem
801 1272 1182 1355 p(e)tierint.
1273 1270 1544 1333 Missam
1589 1291 1739 1334 vero
1780 1271 2079 1336 Snetonae
2126 1273 2406 1337 Persona
2435 1295 2564 1338 non

293 1370 574 1435 celebret
593 1391 707 1453 pro
725 1369 1109 1453 sepeliendo,
1129 1368 1258 1432 nisi
1280 1368 1459 1451 prius
1491 1370 1786 1433 Personae
1803 1370 1884 1434 de
1904 1370 2169 1453 witeby
2202 1372 2568 1452 mandetur;

294 1476 363 1534 et
428 1470 601 1534 idem
653 1470 712 1534 si
763 1470 981 1534 venire
1052 1467 1424 1552 neglexerit,
1498 1467 1604 1532 vel
1657 1489 1788 1532 non
1839 1470 2092 1553 poterit,
2146 1471 2423 1535 Persona
2488 1473 2567 1535 de

293 1569 581 1633 Snetona
608 1568 884 1633 fideliter
910 1589 1025 1652 pro
1056 1567 1384 1632 communi
1406 1568 1693 1631 utilitate
1724 1569 2057 1632 servitium
2090 1570 2298 1633 saciat.
2373 1571 2567 1648 Quic-

294 1666 484 1750 quid²
521 1688 670 1732 vero
714 1668 785 1731 in
815 1668 919 1732 die
964 1666 1313 1750 sepulturae
1355 1687 1471 1749 pro
1516 1666 1732 1749 aliquo
1772 1666 2223 1732 defunctorum
2270 1669 2570 1734 offeretur

293 1766 436 1830 sive
494 1767 565 1830 in
625 1766 874 1850 capella
931 1766 1013 1830 de
1066 1765 1366 1841 Snetona,
1417 1766 1554 1829 sive
1613 1767 1685 1828 in
1744 1765 2035 1831 Ecclesia
2087 1768 2147 1832 S.
2202 1768 2428 1832 Mariae
2486 1769 2566 1833 de

293 1866 581 1948 Witeby,
612 1873 678 1931 et
721 1863 1065 1950 quicquid²
1109 1864 1346 1946 aliquis
1390 1864 1740 1929 moriturus
1785 1866 2066 1949 capellae,
2112 1866 2215 1930 vel
2260 1867 2565 1933 Ecclesiae

294 1966 368 2028 B.
403 1966 630 2029 Mariae
674 1965 755 2030 de
787 1965 1051 2047 Witeby
1083 1964 1153 2027 in
1186 1964 1324 2027 vita
1362 1984 1481 2027 sua
1511 1964 1972 2028 convenienter
2015 1965 2328 2043 diviserit,
2359 1967 2452 2031 ita
2491 1975 2566 2032 ut

292 2072 466 2128 terra
485 2064 691 2147 ipsius
714 2085 845 2128 non
867 2069 1175 2139 vastetur,
1206 2062 1278 2125 in
1308 2060 1435 2125 duo
1459 2062 1807 2140 dividatur,
1837 2068 1902 2127 et
1926 2063 2272 2128 dimidium
2302 2067 2565 2149 capellae

291 2169 640 2240 remaneat,
671 2169 735 2227 et
758 2163 910 2228 dim.
941 2161 1246 2227 Ecclesiae
1277 2161 1357 2226 de
1386 2162 1671 2244 Witeby.
1759 2163 1848 2227 Et
1877 2164 2191 2240 similiter,
2221 2166 2568 2249 quicquid²

291 2282 411 2346 pro
434 2263 831 2327 orationibus
849 2262 954 2327 vel
983 2261 1521 2326 celebrationibus
1552 2262 1894 2325 missarum
1918 2264 2210 2328 sacerdos
2241 2265 2567 2349 percipiet,

291 2361 596 2425 similiter
623 2361 967 2426 dividatur.
1054 2360 1142 2424 Et
1163 2359 1500 2423 servitium
1518 2381 1633 2443 pro
1665 2359 1987 2425 defunctis
2004 2362 2174 2426 inter
2193 2383 2299 2427 eos
2319 2364 2566 2428 divida-

291 2467 418 2526 tur.
467 2461 750 2525 Persona
767 2481 919 2524 vero
939 2459 1017 2523 de
1039 2458 1322 2522 Snetona
1342 2478 1638 2541 praesens‚
1663 2463 1729 2522 et
1752 2479 1974 2523 omnes
1998 2481 2392 2526 successores
2411 2463 2568 2546 ejus,

292 2560 421 2625 fide
449 2560 888 2646 astringentur
910 2581 979 2625 se
1009 2557 1191 2623 nulla
1219 2566 1354 2622 arte
1380 2557 1762 2641 quaesituros
1793 2563 1868 2620 ut
1890 2557 2177 2624 Ecclesia
2205 2560 2285 2626 de
2303 2563 2567 2644 witeby

295 2657 626 2744 [ratione]⁸
655 2658 1101 2724 conventionis
1132 2657 1238 2721 hic
1269 2656 1596 2740 inscriptae
1626 2655 2089 2721 detrimentum
2119 2658 2421 2725 incurrat.

558 2872 918 2937 CLXXXI.

386 3007 701 3072 Omnibus
724 3008 840 3072 has
869 3008 1120 3073 litteras
1143 3008 1259 3072 vis.
1284 3007 1386 3071 vel
1411 3007 1554 3071 aud.
1581 3007 1868 3089 Rogerus
1893 3006 2244 3091 Burrigan⁴
2268 3008 2563 3075 salutem.
2591 3035 2747 3094 Roget
2763 3035 2882 3081 Bur-

296 3107 571 3171 Noverit
613 3107 789 3173 univ.
819 3129 878 3173 v.
909 3128 1033 3184 me,
1077 3107 1158 3171 de
1188 3106 1541 3193 voluntate·
1567 3113 1632 3170 et
1677 3125 1943 3169 assensu
1987 3105 2299 3182 Matildis,
2345 3109 2562 3172 uxoris
2588 3095 2863 3200 ssgffissfftss

295 3227 473 3282 meae,
511 3214 577 3271 et
605 3205 752 3272 haer.
783 3227 1071 3271 meorum
1101 3205 1470 3270 vendidisse
1503 3205 1670 3268 D'no
1714 3225 1857 3268 meo
1903 3206 2165 3288 Rogero,
2194 3206 2437 3270 Abbati
2482 3207 2561 3272 de
2590 3212 2749 3270 Roger
2768 3212 2832 3257 an

297 3306 578 3387 Witeby,
626 3312 828 3371 totam
886 3307 1086 3381 t'ram,
1139 3325 1287 3369 cum
1336 3303 1624 3367 aedificiis
1677 3310 1743 3367 et
1787 3305 2085 3368 omnibus
2130 3270 2903 3386 aysiamentis,i‚¹2¹2?1¹fiss¹1‘{1¹¹3r

294 3426 488 3489 quam
519 3406 701 3470 tenui
732 3406 812 3469 de
842 3404 1067 3468 eodem
1098 3404 1267 3466 D'no
1296 3422 1439 3466 meo
1484 3403 1553 3465 in
1585 3402 1744 3465 villa
1773 3403 1851 3466 de
1883 3403 2114 3488 Filing,
2144 3425 2259 3487 pro
2290 3412 2565 3488 quatuor
2588 3389 2826 3509 ξξῇὧεέο
2846 3389 2897 3435 iu

294 3506 526 3569 marcis
578 3505 850 3589 argenti,
901 3523 1063 3586 quas
1122 3503 1286 3566 mihi
1339 3502 1521 3566 dedit
1571 3503 1641 3565 in
1695 3522 1929 3586 magna
1977 3505 2360 3569 necessitate
2404 3526 2564 3583 mea,

294 3590 632 3688 sol(ut)a'm
664 3610 731 3667 et
775 3603 1057 3685 quietam
1108 3602 1188 3665 de
1218 3622 1321 3665 me
1359 3607 1420 3665 et
1453 3601 1602 3666 haer.
1634 3601 1797 3665 meis
1840 3603 1911 3664 in
1941 3609 2339 3685 perpetuum.
2430 3606 2564 3689 Ego

292 3723 467 3778 ver0,
495 3702 709 3765 dict-us
755 3701 1059 3783 Rogerus,
1089 3721 1219 3763 una
1247 3721 1396 3765 cum
1442 3721 1637 3763 uxore
1669 3720 1829 3776 mea,
1858 3701 2049 3765 tactis
2093 3705 2565 3781 sacro-sanem,

286 3801 505 3885 juravi
536 3806 602 3864 et
632 3799 891 3862 affidavi
920 3799 991 3861 in
1006 3819 1209 3884 *manu
1242 3799 1401 3862 dicti
1430 3799 1586 3862 D'ni
1615 3799 1761 3875 mei,
1791 3819 1905 3882 pro
1935 3820 2038 3864 me
2069 3808 2135 3865 et
2164 3801 2338 3866 dicta
2370 3825 2565 3867 uxore

292 3920 455 3976 mea,
478 3905 543 3965 et
561 3899 709 3963 haer.
734 3898 913 3974 meiS,
943 3898 1116 3980 quod
1147 3919 1480 3981 nunquam
1503 3898 1572 3961 in
1596 3897 1787 3981 praed.
1811 3899 1929 3963 t’ra
1951 3898 2234 3983 aliquam
2260 3901 2566 3966 faciemus

293 3999 732 4083 calumpniam
778 3997 949 4062 unde
980 3998 1229 4061 Domus
1259 3997 1338 4060 de
1370 3997 1653 4079 Wyteby
1685 3997 1970 4081 aliquam
2013 3999 2217 4081 possit
2245 3999 2567 4065 incurrere

286 4101 624 4182 jacturam.
716 4096 865 4161 Hiis
909 4096 1206 4161 testibus.
1295 4095 1628 4179 Stephano
1675 4095 1754 4159 de
1807 4096 2014 4160 Rosel.
2103 4096 2436 4161 Willelmo
2488 4098 2567 4162 de

293 4197 541 4263 Everle.
628 4196 965 4261 Willelmo
996 4195 1075 4259 de
1122 4193 1326 4275 Percy
1358 4193 1437 4257 de
1481 4193 1816 4259 Dunesle.⁶
1906 4196 2152 4279 Rogero
2195 4194 2275 4259 de
2303 4195 2568 4260 Yrtona.

367 4335 383 4368 ¹
412 4337 466 4387 It
488 4336 534 4386 is
560 4340 593 4365 ‘⁸
610 4336 895 4402 quicquam
911 4334 941 4361 ’'
964 4334 1021 4384 in
1046 4332 1180 4384 both
1198 4331 1451 4382 charters.
1687 4329 1709 4363 ²
1745 4332 1992 4396 Quicquit.

365 4417 388 4452 ³
422 4420 576 4471 Some
610 4420 742 4470 such
765 4419 914 4469 word
939 4434 997 4468 as
1023 4423 1061 4445 ‘⁶
1081 4413 1326 4466 ration&
1364 4416 1525 4466 needs
1551 4419 1609 4466 to
1641 4415 1709 4465 be
1738 4416 1982 4481 supplied
2007 4417 2059 4466 in
2099 4417 2408 4468 connection
2436 4418 2571 4470 with

295 4502 425 4553 both
450 4501 815 4552 construction
841 4499 949 4550 and
972 4515 1138 4552 senso.
1686 4495 1706 4528 ⁴
1743 4497 1842 4548 Sec
1866 4498 1989 4549 Nos.
2027 4501 2140 4560 159,
2172 4501 2287 4556 160.
2324 4502 2439 4562 165,
2470 4507 2569 4554 etc.

365 4584 387 4617 ⁵
425 4586 504 4636 As
539 4585 650 4635 this
673 4584 806 4634 deed
844 4584 996 4633 dates
1021 4582 1078 4632 in
1107 4581 1289 4632 Abbot
1327 4579 1541 4647 Roger’s
1566 4581 1710 4640 time,
1740 4597 1799 4631 or
1831 4581 1971 4632 after
2015 4585 2162 4642 1222,
2190 4584 2236 4633 it
2260 4583 2305 4633 is
2341 4585 2571 4650 scarcely

1413 4667 1455 4712 K
