3285 5121
601 560 682 617 42
980 566 1519 621 CARTULARIUM
1558 568 1965 620 ABBATHIAE
2007 569 2100 620 DE
2135 569 2511 623 WHITEBY.

600 734 743 799 Odo
789 732 1092 811 Clericus,
1136 733 1252 817 qui
1296 731 1634 798 ecclesiam
1681 732 1761 798 de
1807 733 2125 817 Crosseby
2169 735 2592 802 Ravenswart
2636 739 2885 805 diutius

600 840 912 910 tenuerat,
963 834 1036 897 in
1093 833 1230 897 fata
1286 832 1725 910 concessisset,
1782 833 1993 898 D’nus
2053 835 2211 913 Rex,
2265 836 2515 902 ratione
2573 840 2886 906 custodiae

600 933 899 999 Abbatiae
928 933 1007 998 de
1036 934 1340 1018 Wyteby,
1370 934 1451 997 ad
1497 953 1696 1017 quam
1740 934 1963 998 eadem
2002 934 2271 999 ecclesia
2314 937 2638 1020 pertinere
2670 939 2883 1004 dinos-

595 1034 782 1110 citur,
825 1033 1215 1118 Magistrum
1273 1032 1632 1097 Ernaldum
1691 1034 1878 1098 nobis
1936 1035 2373 1117 praesentavit,
2433 1038 2749 1102 mandans
2808 1046 2886 1103 ut

599 1133 875 1196 eundem
952 1132 1341 1216 Magistrum
1413 1132 1485 1195 in
1543 1132 1770 1197 eadem
1836 1132 2107 1198 ecclesia
2166 1134 2673 1214 institueremus,
2728 1137 2885 1203 lieet

593 1231 724 1315 ipsi
764 1232 1073 1296 Monachi
1104 1231 1184 1296 de
1212 1231 1515 1315 Wyteby,
1545 1232 1770 1296 audita
1798 1238 2002 1296 morte
2034 1232 2320 1316 ejusdem
2354 1235 2599 1300 Odonis
2632 1236 2882 1314 Clerici,

596 1331 678 1394 ad
722 1331 1131 1416 praesentiam
1174 1335 1461 1394 nostram
1496 1351 1647 1395 cum
1676 1332 1870 1396 cartis
1900 1337 1968 1395 et
1995 1331 2446 1397 instrumentis
2491 1337 2626 1398 suis
2671 1355 2881 1399 acces-

598 1431 849 1508 sissent,
880 1436 1234 1495 asserentes
1265 1431 1439 1514 quod
1484 1431 1629 1515 ipsa
1659 1430 1932 1496 ecclesia
1961 1430 2053 1495 eis
2084 1451 2122 1495 a
2150 1432 2322 1497 veris
2352 1433 2640 1515 patronis
2670 1434 2881 1498 fuerat

597 1551 909 1609 concessa,
942 1537 1008 1595 et
1041 1531 1114 1594 in
1158 1550 1333 1615 perp.
1366 1530 1567 1608 elem„
1596 1553 1635 1596 a
1664 1531 1849 1595 bonae
1877 1530 2200 1594 memoriae
2229 1531 2628 1610 Adelwold0,
2657 1532 2879 1616 prede-

595 1650 844 1695 cessore
887 1636 1124 1707 nostro,
1154 1631 1248 1694 eis
1284 1630 1678 1707 confirmata,
1708 1630 1907 1694 etiam
1950 1648 2065 1712 per
2107 1630 2656 1695 confirmationem
2687 1652 2880 1697 vene-

594 1729 817 1793 rabilis
850 1729 1170 1794 memorioe
1199 1729 1448 1811 Rogeri,
1470 1726 1893 1793 Eboracensis
1921 1727 2428 1812 Archiepiscopi‚
2453 1732 2880 1795 corroborata:

594 1827 667 1891 in
697 1850 893 1911 quam
922 1848 1036 1910 per
1065 1828 1433 1903 Robertum,
1463 1826 2016 1891 Archidiaconum
2049 1827 2555 1907 Karleolensem,
2587 1830 2668 1894 de
2698 1852 2879 1894 man-

594 1927 745 1991 dato
797 1928 1085 2010 ejusdem
1133 1927 1634 2011 Archiepiscopi,
1679 1928 1937 1992 fuerant
1986 1927 2295 2006 instituti,
2336 1930 2418 1994 ad
2463 1951 2675 2014 quem,
2718 1937 2878 1995 tunc

592 2026 899 2108 temporis
942 2033 1215 2090 vacante
1261 2025 1424 2090 Sede
1469 2026 1898 2104 Karleolensi‚
1938 2026 2355 2092 ecclesiarum
2399 2030 2733 2112 spectabat
2775 2031 2875 2093 in-

591 2124 866 2200 stitutio,
910 2124 1081 2188 sicut
1124 2125 1193 2187 in
1239 2124 1431 2188 cartis
1479 2126 1950 2208 praedictorum,
1995 2132 2127 2190 tam
2177 2127 2633 2191 advocatorum
2676 2150 2874 2212 quam

592 2224 1080 2308 Archiepiscopi
1137 2224 1575 2301 Eboracensis,
1620 2230 1688 2289 et
1737 2226 2045 2310 Episcopi
2088 2232 2155 2290 et
2198 2228 2658 2292 Archidiaconi
2703 2230 2871 2293 Kar-

588 2322 972 2387 leolensium
1010 2322 1267 2406 plenius
1309 2324 1758 2407 perspeximus
1786 2324 2120 2389 contineri.
2209 2325 2456 2391 Verum
2500 2328 2875 2410 perturbata

590 2422 1070 2487 lacrimabiliter
1125 2422 1505 2507 Anglicanae
1563 2423 1869 2487 Ecclesiae
1934 2445 2110 2508 pace,
2167 2431 2429 2509 propter
2486 2425 2872 2491 discordiam

588 2522 762 2587 inter
789 2523 1084 2608 Regnum
1113 2529 1179 2588 et
1210 2522 1650 2588 Sacerdotium
1695 2544 1810 2608 pro
1854 2524 2024 2589 facto
2057 2524 2502 2602 Cantuarensi,
2532 2532 2600 2589 et
2628 2525 2871 2590 eisdem

592 2623 933 2688 Monachis
976 2623 1086 2706 jus
1131 2643 1339 2700 suum,
1382 2630 1576 2707 prout
1622 2623 1985 2688 debuerunt
2036 2630 2103 2688 et
2151 2624 2517 2700 voluerunt,
2569 2627 2871 2709 prosequi

590 2743 723 2787 non
755 2722 1141 2799 valentibus,
1171 2728 1397 2806 utpote
1440 2728 1696 2807 pastore
1740 2723 2125 2801 carentibus,
2158 2729 2224 2787 et
2270 2724 2340 2787 in
2384 2723 2674 2788 custodia
2720 2724 2874 2787 D’ni

592 2823 784 2907 Regis
815 2822 1431 2901 constitutis—Nos,
1462 2823 1708 2888 domini
1752 2824 1948 2908 Regis
1977 2823 2268 2907 imperi0,
2300 2824 2581 2889 eundem
2625 2825 2870 2909 Magis-

589 2930 764 2986 trum
807 2923 1162 2987 Ernaldum
1205 2922 1278 2985 in
1320 2923 1464 3006 ipsa
1490 2923 1783 2989 Ecclesia
1812 2923 2118 2988 duximus
2163 2923 2660 3001 instituendum,
2690 2924 2869 2988 salvo

581 3022 727 3105 jure
787 3022 1136 3086 eorundem
1189 3021 1658 3086 Monachorum
1717 3027 1866 3105 post
1916 3021 2251 3086 decessum
2312 3022 2518 3104 ipsius
2570 3023 2872 3106 Magistri

587 3121 876 3197 Ernaldi,
919 3121 1025 3186 vel
1069 3127 1277 3184 status
1324 3121 1463 3203 ejus
1510 3121 1957 3196 mutationem,
2002 3120 2109 3184 cui
2154 3120 2421 3183 tandem
2463 3121 2870 3185 institutioni

587 3220 670 3284 ad
699 3219 1079 3283 mandatum
1120 3219 1277 3281 D'ni
1320 3219 1511 3301 Regis
1555 3225 2033 3296 consenserunt,
2065 3219 2225 3301 ipsis
2270 3224 2491 3282 tamen
2526 3219 2637 3301 jus
2674 3239 2865 3282 suum

588 3318 1111 3401 protestantibus,
1141 3323 1207 3380 et
1236 3317 1735 3399 appellantibus,
1765 3322 1961 3399 atque
1990 3316 2529 3400 supplicantibus,
2559 3337 2641 3381 ne
2678 3317 2866 3381 illum

589 3418 832 3480 factum
862 3416 955 3479 eis
984 3416 1055 3478 in
1083 3420 1414 3497 posterum
1443 3419 1799 3478 verteretur
1827 3415 1900 3478 in
1935 3414 2102 3498 juris
2134 3415 2236 3478 sui
2282 3413 2730 3497 praejudicium
2758 3415 2866 3480 vel

584 3534 945 3598 gravamen.
1036 3513 1288 3590 Quibus
1334 3520 1678 3596 praesentes
1707 3513 1974 3589 litteraS,
2006 3514 2087 3577 ad
2117 3533 2335 3577 eorum
2382 3512 2667 3576 crebram
2711 3534 2864 3597 sup-

585 3613 1019 3697 plicationem,
1076 3613 1148 3676 in
1206 3612 1654 3675 testimonium
1704 3613 1870 3696 juris
1931 3612 2051 3691 sui,
2102 3617 2170 3676 et
2226 3631 2562 3695 processus
2621 3614 2864 3697 negotii

585 3788 821 3850 Carlisle,
846 3787 984 3850 who,
1012 3787 1069 3838 in
1103 3786 1197 3839 the
1231 3803 1360 3853 year
1388 3788 1539 3849 1212,
1566 3787 1792 3855 granted
1827 3787 1976 3839 them
2004 3788 2153 3839 them
2177 3786 2272 3838 the
2295 3785 2569 3854 following
2603 3787 2869 3851 charter,'’

585 3871 779 3923 -that
802 3870 863 3934 is,
890 3870 989 3922 No·
1018 3874 1101 3923 35.
1178 3874 1209 3897 “
1227 3870 1345 3921 Odo
1369 3870 1463 3921 did
1485 3875 1584 3922 not
1606 3872 1735 3939 long
1765 3871 1978 3922 survive
2001 3870 2097 3922 the
2119 3870 2370 3939 granting
2393 3869 2449 3920 of
2482 3871 2593 3921 this
2617 3870 2830 3923 char-ter
2850 3891 2866 3934 ς

584 3972 691 4021 nay
714 3955 762 4006 it
795 3970 963 4005 seems
997 3958 1055 4005 to
1091 3970 1176 4005 me
1211 3953 1399 4021 highly
1422 3954 1673 4020 probable
1708 3954 1832 4005 that
1865 3954 1934 4005 he
1972 3955 2079 4005 had
2114 3953 2348 4020 actually
2372 3953 2498 4020 paid
2526 3953 2621 4005 the
2643 3952 2775 4005 debt
2810 3955 2867 4005 of

584 4043 774 4090 nature
808 4037 987 4089 before
1011 4037 1104 4089 the
1127 4037 1318 4088 monks
1342 4038 1398 4088 of
1438 4037 1663 4104 Whitby
1688 4037 1901 4105 applied
1924 4037 2008 4088 for
2029 4038 2090 4090 it.
2164 4037 2289 4099 But,
2316 4037 2587 4088 whatever
2620 4041 2863 4103 expecta·

582 4123 726 4174 tions
756 4122 888 4188 they
912 4120 1086 4188 might
1110 4121 1246 4172 form
1270 4125 1328 4172 to
1351 4121 1673 4172 themselves
1707 4121 2013 4183 therefrom,
2039 4121 2175 4173 both
2198 4120 2292 4173 the
2317 4120 2516 4187 Bishop
2538 4120 2644 4171 and
2669 4121 2862 4172 monks

582 4222 722 4257 were
757 4205 1127 4272 disappointed
1170 4205 1225 4255 in
1261 4204 1404 4256 their
1437 4204 1617 4270 hopes,
1657 4221 1715 4256 as
1750 4205 1861 4256 will
1901 4205 2022 4256 best
2055 4221 2250 4271 appear
2284 4204 2421 4255 from
2462 4203 2557 4255 the
2594 4203 2865 4272 following

581 4288 1036 4352 charter,”—that
1053 4288 1112 4350 is,
1135 4288 1228 4339 the
1246 4291 1460 4354 present
1475 4286 1774 4339 document.
1832 4288 2100 4356 Allowing
2118 4288 2201 4339 for
2220 4287 2313 4340 the
2333 4288 2554 4339 writer-’s
2572 4287 2864 4338 character·

580 4373 703 4425 istic
739 4372 995 4438 intimacy
1020 4372 1154 4422 with
1178 4372 1270 4423 the
1293 4371 1485 4423 details
1509 4370 1566 4422 of
1599 4371 1803 4423 Parson
1840 4371 2000 4423 Odo’s
2034 4371 2321 4434 condition,
2347 4371 2455 4421 and
2489 4375 2599 4422 two
2624 4387 2685 4421 or
2706 4371 2860 4422 three

580 4457 736 4508 other
757 4456 866 4507 like
890 4460 1133 4518 matters,
1157 4455 1252 4506 the
1288 4453 1630 4520 explanation
1664 4453 1823 4522 given
1858 4454 1905 4506 is
1934 4454 2254 4519 sufficiently
2277 4458 2337 4504 to
2371 4453 2467 4505 the
2502 4453 2669 4520 point.
2744 4453 2858 4504 The

578 4539 691 4593 fact
714 4540 835 4590 that
858 4539 951 4590 the
974 4537 1249 4590 witnesses
1272 4553 1361 4589 are
1385 4536 1478 4589 the
1501 4552 1647 4589 same
1670 4536 1727 4587 in
1750 4535 1883 4588 both
1906 4536 2218 4588 documenta
2241 4536 2289 4587 in
2311 4535 2665 4601 noteworthy.
