3285 5121
767 593 1310 646 CARTULARIUM
1349 584 1755 644 ABBATHIAE
1791 591 1891 643 DE
1925 590 2299 643 WHITEBY.
2558 579 2679 639 269

401 776 519 820 nos
559 757 957 823 venerabiles
1002 764 1069 822 et
1111 758 1467 842 Religiosos
1506 757 1698 834 viros,
1727 756 2050 821 Abbatem
2096 762 2162 820 et
2206 755 2406 819 Conv.
2453 754 2686 819 Mon'ii

400 856 482 920 de
553 855 886 941 Whiteby,
943 858 1207 922 Eborac.
1268 856 1610 933 dioceseos,
1678 854 1831 920 eccl.
1897 854 2154 939 paroch.
2219 854 2299 919 de
2373 854 2689 938 Crosseby

401 955 920 1035 Ravenswarffie,
965 962 1199 1021 nostrae
1257 956 1601 1033 dioceseos,
1651 960 1964 1038 tanquam
2015 954 2143 1019 sibi
2194 954 2688 1038 appropriatam,

399 1075 551 1118 cum
578 1055 715 1120 suis
749 1056 1005 1139 juribus
1046 1062 1113 1119 et
1154 1054 1565 1139 pertinentiis
1609 1053 1954 1131 universis,
1984 1053 2350 1136 optinentes
2395 1050 2687 1116 citaveri-

400 1172 564 1230 mus,
593 1173 667 1217 ac
712 1153 793 1217 ad
836 1153 1309 1218 ostendendum
1351 1160 1420 1218 et
1461 1151 1903 1217 exhibendum
1946 1151 2217 1215 titulum
2261 1171 2455 1216 suum
2495 1170 2689 1234 quem

400 1271 595 1335 super
636 1252 1045 1317 executione¹
1074 1252 1264 1317 dictae
1301 1252 1587 1317 ecclesiae
1630 1271 1701 1315 se
1744 1250 1977 1316 habere
2020 1250 2449 1334 praetendunt,
2478 1270 2690 1314 coram

401 1349 586 1414 nobis
646 1350 728 1414 ad
776 1358 981 1417 certos
1028 1351 1203 1416 diem
1253 1357 1321 1416 et
1372 1351 1606 1427 locum,
1650 1370 1725 1414 ac
1776 1370 1891 1434 pro
1940 1350 2215 1414 termino
2266 1348 2691 1433 peremptorie

400 1449 672 1514 fecimus
702 1451 970 1527 evocari,
999 1448 1233 1515 iidem²
1261 1449 1573 1534 Religiosi
1606 1449 1731 1512 viri
1775 1469 1989 1514 coram
2032 1448 2237 1526 nobis,
2267 1448 2458 1513 dictis
2489 1448 2595 1513 die
2624 1455 2692 1512 et

400 1546 562 1625 loco,
603 1569 720 1632 per
768 1554 1243 1632 procuratorem
1296 1569 1489 1613 suum
1533 1555 2049 1631 comparuerunt,
2087 1547 2261 1612 idem
2302 1552 2690 1632 procurator,

402 1666 520 1729 pro
570 1646 731 1729 ipsis
778 1652 843 1710 et
886 1668 1107 1711 eorum
1156 1648 1437 1724 nomine,
1481 1647 1798 1711 nonnulla
1847 1646 2100 1711 litteras
2145 1652 2213 1711 et
2261 1646 2692 1711 instrumenta

406 1765 601 1828 super
651 1745 1030 1810 executione
1089 1746 1278 1810 dictae
1330 1746 1616 1810 ecclesiae
1669 1744 1987 1823 exhibuit,
2039 1765 2153 1829 per
2202 1766 2364 1829 quas
2415 1751 2483 1810 et
2531 1745 2691 1809 alias

406 1844 766 1908 evidentias
811 1851 876 1909 et
917 1844 1344 1929 probationes,
1372 1865 1534 1928 quas
1563 1845 1751 1909 nobis
1782 1845 2147 1909 ministrare
2190 1844 2442 1909 curavit
2469 1844 2541 1906 in
2569 1844 2689 1908 hac

405 1948 606 2027 parte,
664 1942 946 2008 officium
1020 1949 1314 2008 nostrum
1387 1944 1607 2010 taliter
1676 1944 2055 2009 informavit
2111 1944 2289 2028 quod
2361 1944 2537 2028 ipsos
2609 1942 2690 2007 ab

405 2041 697 2106 ulteriori
747 2042 1156 2127 impetitione
1214 2042 1410 2108 officii
1466 2044 1693 2121 nostri,
1750 2043 1964 2127 quoad
2011 2043 2260 2108 dictum
2305 2042 2691 2108 beneficium

406 2147 473 2206 et
559 2142 700 2225 ejus
780 2143 1245 2221 executionem,
1334 2150 1400 2207 et
1486 2148 1964 2227 procuratorem
2051 2142 2342 2228 ipsorum
2429 2142 2691 2207 nomine

404 2241 770 2318 eorundem,
813 2241 1207 2306 absolvimus
1252 2247 1319 2307 et
1363 2242 1756 2308 dimittimus
1801 2242 2149 2308 absolutos.
2241 2244 2325 2307 In
2368 2242 2556 2325 cujus
2599 2242 2691 2306 rei

403 2345 549 2405 test.
583 2340 695 2424 sig.
741 2345 1035 2405 nostrum
1077 2361 1170 2425 pr.
1211 2349 1312 2406 est
1355 2362 1730 2425 appensum.
1819 2341 2070 2405 Datum
2113 2341 2288 2425 apud
2330 2341 2693 2405 manerium

405 2444 696 2503 nostrum
727 2439 806 2503 de
850 2440 1035 2516 Rose,
1064 2445 1290 2505 octavo
1319 2441 1426 2505 die
1455 2441 1503 2505 J
1504 2439 1774 2516 anuarii,
1804 2440 1879 2505 A.
1909 2440 1994 2504 D.
2026 2439 2374 2504 millesimo
2418 2458 2598 2515 cccc„
2627 2442 2691 2502 et

406 2545 639 2604 nostrae
668 2538 1161 2604 consecrationis
1191 2537 1418 2623 primo.

466 2713 896 2779 CCCXVIII.
941 2713 1353 2777 AssIGNArio
1382 2711 1639 2774 ABBATl
1669 2726 1751 2774 Er
1783 2710 2169 2776 Coum-rm
2199 2726 2286 2773 DE
2313 2710 2643 2774 ernmr

899 2839 987 2887 nn
1016 2837 1408 2887 PATRONATU
1437 2823 1783 2886 Eccmsm:
1812 2838 1900 2886 ns
1930 2822 2212 2887 CnosBY.

495 2964 683 3028 Omn.
730 2962 791 3026 S.
841 2961 933 3025 M.
982 2959 1153 3024 Eccl.
1201 2959 1372 3037 filiis,
1416 2959 1501 3024 ad
1544 2979 1708 3042 quos
1752 2979 1845 3043 pr.
1893 2979 2008 3024 scr.
2055 2979 2251 3043 perv„
2293 2959 2568 3022 Thomas
2613 2958 2693 3023 de
2717 2985 2837 3032 Tho.
2858 2985 2918 3032 (ιο

409 3063 780 3146 Hastynges
798 3059 824 3098 ⁸
867 3060 948 3125 de
995 3059 1309 3143 Crosseby
1354 3058 1879 3136 Ravenswarthe‚
1909 3059 2108 3122 frater
2149 3058 2308 3122 D’ni
2349 3057 2650 3122 Nicholai
2668 3058 2693 3096 ⁴
2718 3046 3010 3164 ἑξῗξῖοζξζζ,

409 3161 489 3225 de
516 3162 920 3238 Alverstane‚
949 3181 999 3227 s.
1033 3159 1103 3222 in
1134 3159 1434 3224 Domino.
1523 3158 1802 3222 Noverit
1841 3158 2020 3223 univ.
2050 3177 2109 3222 V.
2142 3158 2317 3241 quod
2344 3157 2403 3222 si
2432 3157 2693 3241 aliquod
2718 3164 2930 3269 ἓὲζξὴιιε-

404 3261 514 3342 jus
569 3260 678 3324 vel
737 3260 1044 3324 clamium
1116 3257 1439 3343 aliquem⁵
1495 3257 1569 3321 in
1619 3258 1767 3341 jure
1822 3262 2203 3342 patronatus
2269 3256 2555 3321 ecclesiae
2613 3256 2694 3321 de
2720 3281 2997 3341 qnifflaim„

412 3358 726 3442 Crosseby
753 3358 1257 3423 Ravenswarthe
1285 3357 1522 3422 habere
1550 3355 1835 3434 videbar,
1864 3356 1973 3421 vel
2000 3355 2235 3421 habere
2269 3354 2456 3438 potui
2485 3340 2999 3459 (100b){3⁰1vg5¹3¹{²t¹’>'

412 3476 514 3521 me
572 3456 741 3521 illud
796 3456 1084 3522 totaliter
1136 3456 1383 3521 Abbati
1437 3462 1503 3522 et
1557 3456 1758 3520 Conv.
1810 3455 1890 3519 de
1940 3454 2253 3538 Whiteby
2299 3473 2415 3539 pro
2465 3474 2571 3519 me
2629 3459 2696 3518 et
2719 3459 2963 3506 whatever

410 3554 770 3620 haeredibus
841 3556 1002 3620 meis
1073 3556 1411 3633 remisisse,
1469 3554 2080 3639 quietumclamasse
2153 3558 2221 3619 et
2292 3553 2695 3618 renuntiasse
2720 3518 2986 3638 {fittssffiage

412 3655 922 3738 imperpetuum3
964 3675 1193 3738 meque
1223 3655 1534 3719 noveritis
1570 3656 1681 3738 jus
1710 3675 1842 3719 non
1882 3655 2118 3718 habere
2145 3653 2253 3718 vel
2294 3653 2597 3718 habuisse
2625 3653 2696 3716 in
2721 3635 2900 3742 ἓξὲξ),
2922 3695 2976 3740 of

405 3754 553 3838 jure
611 3757 985 3835 patronatus
1046 3752 1197 3817 eccl.
1256 3753 1619 3833 antedictae,
1680 3754 1795 3818 sed
1850 3753 2177 3817 Abbatem
2238 3759 2305 3817 et
2363 3753 2563 3818 Conv.
2615 3751 2698 3816 de
2723 3754 2932 3861 ἓξὲξ

413 3852 729 3935 Whiteby
778 3872 962 3916 veros
1022 3870 1160 3915 esse
1212 3857 1513 3935 patronos
1565 3853 1874 3937 ejusdem,
1919 3852 2156 3937 quibus
2207 3851 2567 3936 Torphinus
2617 3851 2698 3916 de
2722 3873 2895 3920 worth.

411 3952 794 4017 Alverstane
853 3957 919 4015 et
977 3951 1260 4016 haeredes
1317 3952 1424 4015 sui
1471 3952 1583 4036 jus
1642 3958 2024 4037 patronatus
2083 3953 2309 4036 ipsius,
2359 3972 2492 4015 una
2550 3972 2698 4016 cum

412 4052 663 4117 duabus
707 4051 1018 4117 carucatis
1062 4051 1195 4115 t’rae
1244 4050 1317 4114 in
1367 4052 1684 4137 Crosseby
1730 4052 2253 4130 Ravenswarthe,
2299 4072 2449 4116 cum
2500 4052 2697 4135 perti-

413 4151 671 4228 nentiis,
715 4149 1142 4216 contulerunt.
1246 4150 1332 4213 In
1381 4151 1565 4235 cujus
1617 4152 1710 4216 rei
1762 4157 1908 4216 test.
1954 4171 2048 4234 pr.
2102 4171 2222 4216 scr.
2276 4151 2528 4234 patenti
2579 4151 2694 4235 sig.

412 4288 551 4342 Bau.
626 4289 691 4339 In
721 4289 855 4341 1399
891 4287 958 4338 be
994 4287 1245 4340 obtained
1279 4287 1588 4341 restitutioni
1610 4288 1669 4340 of
1703 4288 1798 4341 the
1820 4288 2225 4355 tempor-alitia,
2252 4288 2361 4340 and
2385 4305 2496 4341 was
2521 4304 2696 4340 conse·

411 4371 594 4424 crated
617 4371 672 4422 iu
697 4371 910 4438 August
938 4372 1088 4423 1400.
1166 4371 1255 4423 Ob.
1291 4373 1441 4423 1419.

487 4453 506 4487 ¹
543 4455 648 4516 Ita,
677 4455 782 4505 and
807 4454 859 4504 in
885 4457 995 4505 two
1019 4453 1173 4505 other
1195 4454 1372 4521 places
1395 4454 1584 4506 below,
2404 4452 2428 4486 ²
2462 4454 2609 4504 idem.

486 4536 508 4570 ³
543 4536 640 4588 See
665 4537 791 4589 Nos.
822 4538 908 4598 29,
937 4538 1021 4597 30,
1052 4541 1152 4587 etc.
1558 4535 1578 4569 ⁴
1615 4537 1715 4586 See
1740 4535 1839 4586 No.
1871 4538 1990 4586 320.
2398 4533 2421 4567 ⁵
2456 4535 2628 4598 aliqu'.
