<?xml version="1.0" encoding="UTF-8"?>
<!DOCTYPE html PUBLIC "-//W3C//DTD XHTML 1.0 Transitional//EN"
    "http://www.w3.org/TR/xhtml1/DTD/xhtml1-transitional.dtd">
<html xmlns="http://www.w3.org/1999/xhtml" xml:lang="en" lang="en">
 <head>
  <title>
</title>
<meta http-equiv="Content-Type" content="text/html;charset=utf-8" />
  <meta name='ocr-system' content='tesseract 3.04.00' />
  <meta name='ocr-capabilities' content='ocr_page ocr_carea ocr_par ocr_line ocrx_word'/>
</head>
<body>
  <div class='ocr_page' id='page_1' title='image "./cartulariumabba01atkigoog_0039.png"; bbox 0 0 3285 5121; ppageno 0'>
   <div class='ocr_carea' id='block_1_1' title="bbox 978 611 2612 666">
    <p class='ocr_par' dir='ltr' id='par_1_1' title="bbox 978 611 2612 666">
     <span class='ocr_line' id='line_1_1' title="bbox 978 611 2612 666; baseline -0.001 -3"><span class='ocrx_word' id='word_1_1' title='bbox 978 611 1555 665; x_wconf 82' lang='lat' dir='ltr'>INTRODUCTORY</span> <span class='ocrx_word' id='word_1_2' title='bbox 1591 613 1989 666; x_wconf 82' lang='lat' dir='ltr'><strong>OHAPTERS.</strong></span> <span class='ocrx_word' id='word_1_3' title='bbox 2435 620 2612 662; x_wconf 85' lang='lat' dir='ltr'><strong>xxxv</strong></span> 
     </span>
    </p>
   </div>
   <div class='ocr_carea' id='block_1_2' title="bbox 334 776 2617 4332">
    <p class='ocr_par' dir='ltr' id='par_1_2' title="bbox 336 776 2617 2150">
     <span class='ocr_line' id='line_1_2' title="bbox 340 776 2609 864; baseline 0.001 -24"><span class='ocrx_word' id='word_1_4' title='bbox 340 776 462 840; x_wconf 90' lang='lat' dir='ltr'>bus</span> <span class='ocrx_word' id='word_1_5' title='bbox 480 776 759 860; x_wconf 83' lang='lat' dir='ltr'>impulsa</span> <span class='ocrx_word' id='word_1_6' title='bbox 780 776 1158 840; x_wconf 77' lang='lat' dir='ltr'><strong>sustinuerit</strong></span> <span class='ocrx_word' id='word_1_7' title='bbox 1178 778 1706 859; x_wconf 87' lang='lat' dir='ltr'>perturbationes.</span> <span class='ocrx_word' id='word_1_8' title='bbox 1775 777 2004 842; x_wconf 88' lang='lat' dir='ltr'>Anno¹</span> <span class='ocrx_word' id='word_1_9' title='bbox 2028 779 2294 842; x_wconf 89' lang='lat' dir='ltr'>Domini</span> <span class='ocrx_word' id='word_1_10' title='bbox 2312 779 2609 864; x_wconf 86' lang='lat' dir='ltr'>mlxxviij</span> 
     </span>
     <span class='ocr_line' id='line_1_3' title="bbox 341 877 2616 961; baseline 0.001 -22"><span class='ocrx_word' id='word_1_11' title='bbox 341 882 649 960; x_wconf 76' lang='lat' dir='ltr'>regnante</span> <span class='ocrx_word' id='word_1_12' title='bbox 679 877 1036 960; x_wconf 73' lang='lat' dir='ltr'>Anqlorwm</span> <span class='ocrx_word' id='word_1_13' title='bbox 1078 897 1240 961; x_wconf 88' lang='lat' dir='ltr'>rege,</span> <span class='ocrx_word' id='word_1_14' title='bbox 1268 877 1611 960; x_wconf 90' lang='lat' dir='ltr'>prudentia</span> <span class='ocrx_word' id='word_1_15' title='bbox 1656 885 1723 942; x_wconf 88' lang='lat' dir='ltr'>et</span> <span class='ocrx_word' id='word_1_16' title='bbox 1765 878 1960 942; x_wconf 88' lang='lat' dir='ltr'>armis</span> <span class='ocrx_word' id='word_1_17' title='bbox 1990 878 2430 942; x_wconf 87' lang='lat' dir='ltr'>strenuissimo</span> <span class='ocrx_word' id='word_1_18' title='bbox 2459 879 2616 955; x_wconf 90' lang='lat' dir='ltr'>viro,</span> 
     </span>
     <span class='ocr_line' id='line_1_4' title="bbox 361 975 2614 1061; baseline 0.001 -23"><span class='ocrx_word' id='word_1_19' title='bbox 361 975 687 1052; x_wconf 70' lang='lat' dir='ltr'>Wile,</span> <span class='ocrx_word' id='word_1_20' title='bbox 731 976 846 1059; x_wconf 91' lang='lat' dir='ltr'>qui</span> <span class='ocrx_word' id='word_1_21' title='bbox 891 977 951 1037; x_wconf 90' lang='lat' dir='ltr'><em>A</em></span> <span class='ocrx_word' id='word_1_22' title='bbox 956 976 1200 1058; x_wconf 72' lang='lat' dir='ltr'>nqliam</span> <span class='ocrx_word' id='word_1_23' title='bbox 1244 975 1476 1039; x_wconf 88' lang='lat' dir='ltr'>ditioni</span> <span class='ocrx_word' id='word_1_24' title='bbox 1520 977 1798 1061; x_wconf 83' lang='lat' dir='ltr'>subJ&#39;ecit</span> <span class='ocrx_word' id='word_1_25' title='bbox 1840 997 1976 1054; x_wconf 86' lang='lat' dir='ltr'>suc,</span> <span class='ocrx_word' id='word_1_26' title='bbox 2020 996 2191 1040; x_wconf 88' lang='lat' dir='ltr'>anno</span> <span class='ocrx_word' id='word_1_27' title='bbox 2237 975 2614 1041; x_wconf 90' lang='lat' dir='ltr'>duodecimo</span> 
     </span>
     <span class='ocr_line' id='line_1_5' title="bbox 341 1074 2614 1160; baseline 0.001 -22"><span class='ocrx_word' id='word_1_28' title='bbox 341 1075 523 1158; x_wconf 87' lang='lat' dir='ltr'>regni</span> <span class='ocrx_word' id='word_1_29' title='bbox 556 1076 713 1158; x_wconf 86' lang='lat' dir='ltr'>ejus,</span> <span class='ocrx_word' id='word_1_30' title='bbox 733 1074 1150 1157; x_wconf 88' lang='lat' dir='ltr'>pontificante</span> <span class='ocrx_word' id='word_1_31' title='bbox 1178 1075 1351 1157; x_wconf 87' lang='lat' dir='ltr'>apud</span> <span class='ocrx_word' id='word_1_32' title='bbox 1375 1075 1658 1139; x_wconf 71' lang='lat' dir='ltr'>Ebot-um</span> <span class='ocrx_word' id='word_1_33' title='bbox 1687 1076 1949 1140; x_wconf 89' lang='lat' dir='ltr'>domino</span> <span class='ocrx_word' id='word_1_34' title='bbox 1978 1076 2217 1139; x_wconf 77' lang='lat' dir='ltr'>Thoma</span> <span class='ocrx_word' id='word_1_35' title='bbox 2246 1075 2614 1160; x_wconf 88' lang='lat' dir='ltr'>Archiepis-</span> 
     </span>
     <span class='ocr_line' id='line_1_6' title="bbox 344 1173 2614 1259; baseline 0 -20"><span class='ocrx_word' id='word_1_36' title='bbox 344 1194 521 1258; x_wconf 90' lang='lat' dir='ltr'>cop0,</span> <span class='ocrx_word' id='word_1_37' title='bbox 550 1194 666 1258; x_wconf 85' lang='lat' dir='ltr'>ego</span> <span class='ocrx_word' id='word_1_38' title='bbox 711 1173 1079 1257; x_wconf 74' lang='lat' dir='ltr'>Stephanus,</span> <span class='ocrx_word' id='word_1_39' title='bbox 1109 1173 1424 1238; x_wconf 87' lang='lat' dir='ltr'>abdicatis</span> <span class='ocrx_word' id='word_1_40' title='bbox 1469 1195 1584 1259; x_wconf 91' lang='lat' dir='ltr'>pro</span> <span class='ocrx_word' id='word_1_41' title='bbox 1625 1174 1884 1241; x_wconf 87' lang='lat' dir='ltr'>Christo</span> <span class='ocrx_word' id='word_1_42' title='bbox 1928 1174 2377 1258; x_wconf 86' lang='lat' dir='ltr'>voluptatibus</span> <span class='ocrx_word' id='word_1_43' title='bbox 2407 1176 2614 1239; x_wconf 88' lang='lat' dir='ltr'>carnis</span> 
     </span>
     <span class='ocr_line' id='line_1_7' title="bbox 343 1272 2616 1359; baseline 0 -22"><span class='ocrx_word' id='word_1_44' title='bbox 343 1280 539 1356; x_wconf 88' lang='lat' dir='ltr'>atque</span> <span class='ocrx_word' id='word_1_45' title='bbox 568 1272 836 1355; x_wconf 86' lang='lat' dir='ltr'>abjectis</span> <span class='ocrx_word' id='word_1_46' title='bbox 866 1272 1278 1337; x_wconf 80' lang='lat' dir='ltr'>saecularibus</span> <span class='ocrx_word' id='word_1_47' title='bbox 1307 1273 1495 1351; x_wconf 89' lang='lat' dir='ltr'>curis,</span> <span class='ocrx_word' id='word_1_48' title='bbox 1526 1274 1606 1338; x_wconf 91' lang='lat' dir='ltr'>de</span> <span class='ocrx_word' id='word_1_49' title='bbox 1636 1273 1970 1359; x_wconf 87' lang='lat' dir='ltr'>naufragio</span> <span class='ocrx_word' id='word_1_50' title='bbox 2013 1273 2212 1356; x_wconf 86' lang='lat' dir='ltr'>hujus</span> <span class='ocrx_word' id='word_1_51' title='bbox 2256 1273 2476 1338; x_wconf 77' lang='lat' dir='ltr'>saeculi</span> <span class='ocrx_word' id='word_1_52' title='bbox 2501 1274 2616 1337; x_wconf 80' lang='lat' dir='ltr'>vix</span> 
     </span>
     <span class='ocr_line' id='line_1_8' title="bbox 341 1371 2617 1457; baseline 0 -22"><span class='ocrx_word' id='word_1_53' title='bbox 341 1373 538 1448; x_wconf 86' lang='lat' dir='ltr'>evasi,</span> <span class='ocrx_word' id='word_1_54' title='bbox 567 1377 762 1455; x_wconf 88' lang='lat' dir='ltr'>atque</span> <span class='ocrx_word' id='word_1_55' title='bbox 805 1372 1104 1435; x_wconf 90' lang='lat' dir='ltr'>habitum</span> <span class='ocrx_word' id='word_1_56' title='bbox 1144 1371 1537 1437; x_wconf 83' lang='lat' dir='ltr'>monachicae</span> <span class='ocrx_word' id='word_1_57' title='bbox 1565 1373 1892 1457; x_wconf 80' lang='lat' dir='ltr'>religionis</span> <span class='ocrx_word' id='word_1_58' title='bbox 1932 1373 2106 1457; x_wconf 88' lang='lat' dir='ltr'>apud</span> <span class='ocrx_word' id='word_1_59' title='bbox 2142 1372 2617 1456; x_wconf 59' lang='lat' dir='ltr'>Wyttebeiamj!</span> 
     </span>
     <span class='ocr_line' id='line_1_9' title="bbox 344 1471 2614 1555; baseline -0 -20"><span class='ocrx_word' id='word_1_60' title='bbox 344 1472 514 1536; x_wconf 90' lang='lat' dir='ltr'>sicut</span> <span class='ocrx_word' id='word_1_61' title='bbox 548 1478 770 1555; x_wconf 87' lang='lat' dir='ltr'>postca</span> <span class='ocrx_word' id='word_1_62' title='bbox 798 1471 1242 1548; x_wconf 79' lang='lat' dir='ltr'>declarabitur,</span> <span class='ocrx_word' id='word_1_63' title='bbox 1272 1472 1541 1555; x_wconf 78' lang='lat' dir='ltr'>suscepi.</span> <span class='ocrx_word' id='word_1_64' title='bbox 1630 1474 1726 1536; x_wconf 88' lang='lat' dir='ltr'>Eo</span> <span class='ocrx_word' id='word_1_65' title='bbox 1771 1493 2051 1555; x_wconf 88' lang='lat' dir='ltr'>namque</span> <span class='ocrx_word' id='word_1_66' title='bbox 2079 1471 2151 1534; x_wconf 90' lang='lat' dir='ltr'>in</span> <span class='ocrx_word' id='word_1_67' title='bbox 2180 1471 2319 1535; x_wconf 91' lang='lat' dir='ltr'>loco</span> <span class='ocrx_word' id='word_1_68' title='bbox 2348 1471 2614 1555; x_wconf 83' lang='lat' dir='ltr'>quidam</span> 
     </span>
     <span class='ocr_line' id='line_1_10' title="bbox 344 1570 2613 1653; baseline 0 -18"><span class='ocrx_word' id='word_1_69' title='bbox 344 1571 589 1649; x_wconf 84' lang='lat' dir='ltr'>fratres,</span> <span class='ocrx_word' id='word_1_70' title='bbox 646 1579 803 1635; x_wconf 91' lang='lat' dir='ltr'>tunc</span> <span class='ocrx_word' id='word_1_71' title='bbox 860 1571 1169 1653; x_wconf 90' lang='lat' dir='ltr'>temporis</span> <span class='ocrx_word' id='word_1_72' title='bbox 1245 1570 1689 1635; x_wconf 76' lang='lat' dir='ltr'>heremiticam</span> <span class='ocrx_word' id='word_1_73' title='bbox 1746 1571 1953 1635; x_wconf 90' lang='lat' dir='ltr'>vitam</span> <span class='ocrx_word' id='word_1_74' title='bbox 2014 1571 2340 1646; x_wconf 88' lang='lat' dir='ltr'>ducentes,</span> <span class='ocrx_word' id='word_1_75' title='bbox 2397 1570 2613 1653; x_wconf 92' lang='lat' dir='ltr'>ipsum</span> 
     </span>
     <span class='ocr_line' id='line_1_11' title="bbox 341 1669 2615 1755; baseline 0.001 -24"><span class='ocrx_word' id='word_1_76' title='bbox 341 1669 558 1732; x_wconf 90' lang='lat' dir='ltr'>locum</span> <span class='ocrx_word' id='word_1_77' title='bbox 600 1670 669 1733; x_wconf 88' lang='lat' dir='ltr'>in</span> <span class='ocrx_word' id='word_1_78' title='bbox 727 1669 960 1734; x_wconf 89' lang='lat' dir='ltr'>melius</span> <span class='ocrx_word' id='word_1_79' title='bbox 1019 1690 1325 1734; x_wconf 85' lang='lat' dir='ltr'>renovare</span> <span class='ocrx_word' id='word_1_80' title='bbox 1376 1671 1742 1753; x_wconf 83' lang='lat' dir='ltr'>cupiebant,</span> <span class='ocrx_word' id='word_1_81' title='bbox 1787 1670 1902 1755; x_wconf 92' lang='lat' dir='ltr'>qui</span> <span class='ocrx_word' id='word_1_82' title='bbox 1951 1670 2177 1753; x_wconf 85' lang='lat' dir='ltr'>priscis</span> <span class='ocrx_word' id='word_1_83' title='bbox 2220 1670 2615 1752; x_wconf 85' lang='lat' dir='ltr'>temporibus</span> 
     </span>
     <span class='ocr_line' id='line_1_12' title="bbox 346 1768 2613 1852; baseline 0 -21"><span class='ocrx_word' id='word_1_84' title='bbox 346 1768 811 1851; x_wconf 85' lang='lat' dir='ltr'>Religiosorum</span> <span class='ocrx_word' id='word_1_85' title='bbox 828 1768 1111 1833; x_wconf 89' lang='lat' dir='ltr'>virorum</span> <span class='ocrx_word' id='word_1_86' title='bbox 1130 1789 1206 1833; x_wconf 90' lang='lat' dir='ltr'>ac</span> <span class='ocrx_word' id='word_1_87' title='bbox 1228 1769 1615 1833; x_wconf 88' lang='lat' dir='ltr'>feminarum</span> <span class='ocrx_word' id='word_1_88' title='bbox 1632 1770 2129 1846; x_wconf 88' lang='lat' dir='ltr'>conversatione,</span> <span class='ocrx_word' id='word_1_89' title='bbox 2140 1789 2213 1832; x_wconf 89' lang='lat' dir='ltr'>ac</span> <span class='ocrx_word' id='word_1_90' title='bbox 2231 1769 2613 1852; x_wconf 71' lang='lat' dir='ltr'>praediorum</span> 
     </span>
     <span class='ocr_line' id='line_1_13' title="bbox 342 1867 2616 1953; baseline 0 -21"><span class='ocrx_word' id='word_1_91' title='bbox 342 1868 562 1951; x_wconf 85' lang='lat' dir='ltr'>ampla</span> <span class='ocrx_word' id='word_1_92' title='bbox 589 1869 1003 1951; x_wconf 82' lang='lat' dir='ltr'>possessione,</span> <span class='ocrx_word' id='word_1_93' title='bbox 1026 1869 1153 1932; x_wconf 88' lang='lat' dir='ltr'>fuit</span> <span class='ocrx_word' id='word_1_94' title='bbox 1182 1868 1592 1946; x_wconf 87' lang='lat' dir='ltr'>honorabilis,</span> <span class='ocrx_word' id='word_1_95' title='bbox 1609 1870 1800 1934; x_wconf 92' lang='lat' dir='ltr'>modo</span> <span class='ocrx_word' id='word_1_96' title='bbox 1822 1890 1970 1935; x_wconf 90' lang='lat' dir='ltr'>vere</span> <span class='ocrx_word' id='word_1_97' title='bbox 1998 1890 2162 1953; x_wconf 88' lang='lat' dir='ltr'>pene</span> <span class='ocrx_word' id='word_1_98' title='bbox 2192 1867 2274 1933; x_wconf 90' lang='lat' dir='ltr'>ad</span> <span class='ocrx_word' id='word_1_99' title='bbox 2297 1869 2616 1933; x_wconf 90' lang='lat' dir='ltr'>nichilum</span> 
     </span>
     <span class='ocr_line' id='line_1_14' title="bbox 338 1968 2615 2051; baseline 0.001 -20"><span class='ocrx_word' id='word_1_100' title='bbox 338 1968 635 2032; x_wconf 85' lang='lat' dir='ltr'>redactus</span> <span class='ocrx_word' id='word_1_101' title='bbox 667 1976 819 2044; x_wconf 88' lang='lat' dir='ltr'>erat,</span> <span class='ocrx_word' id='word_1_102' title='bbox 849 1968 1258 2032; x_wconf 85' lang='lat' dir='ltr'>barbarorum</span> <span class='ocrx_word' id='word_1_103' title='bbox 1302 1989 1376 2032; x_wconf 88' lang='lat' dir='ltr'>ac</span> <span class='ocrx_word' id='word_1_104' title='bbox 1407 1969 1784 2051; x_wconf 76' lang='lat' dir='ltr'>praedonum</span> <span class='ocrx_word' id='word_1_105' title='bbox 1825 1968 2297 2034; x_wconf 88' lang='lat' dir='ltr'>incursionibus</span> <span class='ocrx_word' id='word_1_106' title='bbox 2327 1969 2615 2047; x_wconf 89' lang='lat' dir='ltr'>diversis,</span> 
     </span>
     <span class='ocr_line' id='line_1_15' title="bbox 336 2066 1760 2150; baseline 0.001 -20"><span class='ocrx_word' id='word_1_107' title='bbox 336 2067 450 2131; x_wconf 86' lang='lat' dir='ltr'>vel</span> <span class='ocrx_word' id='word_1_108' title='bbox 479 2066 622 2131; x_wconf 89' lang='lat' dir='ltr'>aliis</span> <span class='ocrx_word' id='word_1_109' title='bbox 653 2067 835 2144; x_wconf 84' lang='lat' dir='ltr'>forte,</span> <span class='ocrx_word' id='word_1_110' title='bbox 862 2086 1024 2150; x_wconf 84' lang='lat' dir='ltr'>quas</span> <span class='ocrx_word' id='word_1_111' title='bbox 1053 2067 1286 2143; x_wconf 91' lang='lat' dir='ltr'>nesci0‚</span> <span class='ocrx_word' id='word_1_112' title='bbox 1314 2067 1503 2131; x_wconf 84' lang='lat' dir='ltr'>malis</span> <span class='ocrx_word' id='word_1_113' title='bbox 1533 2068 1760 2132; x_wconf 85' lang='lat' dir='ltr'>causis.</span> 
     </span>
    </p>

    <p class='ocr_par' dir='ltr' id='par_1_3' title="bbox 334 2166 2615 2549">
     <span class='ocr_line' id='line_1_16' title="bbox 429 2166 2612 2252; baseline 0 -23"><span class='ocrx_word' id='word_1_114' title='bbox 429 2166 581 2229; x_wconf 87' lang='lat' dir='ltr'>Hiis</span> <span class='ocrx_word' id='word_1_115' title='bbox 638 2186 790 2229; x_wconf 88' lang='lat' dir='ltr'>vero</span> <span class='ocrx_word' id='word_1_116' title='bbox 835 2166 1157 2242; x_wconf 81' lang='lat' dir='ltr'>fratribus,</span> <span class='ocrx_word' id='word_1_117' title='bbox 1207 2166 1446 2250; x_wconf 91' lang='lat' dir='ltr'>quibus</span> <span class='ocrx_word' id='word_1_118' title='bbox 1491 2167 1770 2230; x_wconf 90' lang='lat' dir='ltr'>sociatus</span> <span class='ocrx_word' id='word_1_119' title='bbox 1829 2187 1995 2245; x_wconf 91' lang='lat' dir='ltr'>sum,</span> <span class='ocrx_word' id='word_1_120' title='bbox 2037 2176 2304 2251; x_wconf 74' lang='lat' dir='ltr'>praeerat</span> <span class='ocrx_word' id='word_1_121' title='bbox 2347 2166 2612 2252; x_wconf 89' lang='lat' dir='ltr'>quidam</span> 
     </span>
     <span class='ocr_line' id='line_1_17' title="bbox 338 2264 2614 2348; baseline 0 -19"><span class='ocrx_word' id='word_1_122' title='bbox 338 2264 735 2342; x_wconf 76' lang='lat' dir='ltr'>Renfridus,⁸</span> <span class='ocrx_word' id='word_1_123' title='bbox 780 2264 966 2329; x_wconf 89' lang='lat' dir='ltr'>bonis</span> <span class='ocrx_word' id='word_1_124' title='bbox 1017 2264 1269 2348; x_wconf 88' lang='lat' dir='ltr'>pollens</span> <span class='ocrx_word' id='word_1_125' title='bbox 1319 2266 1623 2342; x_wconf 90' lang='lat' dir='ltr'>moribus,</span> <span class='ocrx_word' id='word_1_126' title='bbox 1683 2265 2002 2330; x_wconf 88' lang='lat' dir='ltr'>virtutum</span> <span class='ocrx_word' id='word_1_127' title='bbox 2053 2267 2414 2332; x_wconf 88' lang='lat' dir='ltr'>coelestium</span> <span class='ocrx_word' id='word_1_128' title='bbox 2465 2267 2614 2329; x_wconf 90' lang='lat' dir='ltr'>dote</span> 
     </span>
     <span class='ocr_line' id='line_1_18' title="bbox 334 2363 2615 2449; baseline 0 -21"><span class='ocrx_word' id='word_1_129' title='bbox 334 2363 707 2448; x_wconf 86' lang='lat' dir='ltr'>insignitus,</span> <span class='ocrx_word' id='word_1_130' title='bbox 750 2365 865 2448; x_wconf 93' lang='lat' dir='ltr'>qui</span> <span class='ocrx_word' id='word_1_131' title='bbox 910 2365 1095 2448; x_wconf 88' lang='lat' dir='ltr'>cujus</span> <span class='ocrx_word' id='word_1_132' title='bbox 1135 2364 1348 2429; x_wconf 90' lang='lat' dir='ltr'>meriti</span> <span class='ocrx_word' id='word_1_133' title='bbox 1393 2365 1569 2448; x_wconf 88' lang='lat' dir='ltr'>apud</span> <span class='ocrx_word' id='word_1_134' title='bbox 1613 2365 1829 2429; x_wconf 90' lang='lat' dir='ltr'>Deum</span> <span class='ocrx_word' id='word_1_135' title='bbox 1872 2365 2070 2429; x_wconf 88' lang='lat' dir='ltr'>fuerit</span> <span class='ocrx_word' id='word_1_136' title='bbox 2112 2373 2433 2431; x_wconf 81' lang='lat' dir='ltr'>testantur</span> <span class='ocrx_word' id='word_1_137' title='bbox 2475 2366 2615 2449; x_wconf 85' lang='lat' dir='ltr'>ejus</span> 
     </span>
     <span class='ocr_line' id='line_1_19' title="bbox 337 2463 2613 2549; baseline 0 -22"><span class='ocrx_word' id='word_1_138' title='bbox 337 2483 551 2547; x_wconf 89' lang='lat' dir='ltr'>opera,</span> <span class='ocrx_word' id='word_1_139' title='bbox 581 2463 806 2527; x_wconf 89' lang='lat' dir='ltr'>multis</span> <span class='ocrx_word' id='word_1_140' title='bbox 836 2463 975 2546; x_wconf 86' lang='lat' dir='ltr'>ejus</span> <span class='ocrx_word' id='word_1_141' title='bbox 1004 2464 1278 2547; x_wconf 81' lang='lat' dir='ltr'>vestigia</span> <span class='ocrx_word' id='word_1_142' title='bbox 1308 2463 1492 2547; x_wconf 87' lang='lat' dir='ltr'>sequi</span> <span class='ocrx_word' id='word_1_143' title='bbox 1522 2464 1890 2529; x_wconf 88' lang='lat' dir='ltr'>volentibus</span> <span class='ocrx_word' id='word_1_144' title='bbox 1921 2464 1993 2528; x_wconf 90' lang='lat' dir='ltr'>in</span> <span class='ocrx_word' id='word_1_145' title='bbox 2023 2486 2231 2529; x_wconf 86' lang='lat' dir='ltr'>aevum</span> <span class='ocrx_word' id='word_1_146' title='bbox 2263 2465 2613 2549; x_wconf 87' lang='lat' dir='ltr'>profutura.</span> 
     </span>
    </p>

    <p class='ocr_par' dir='ltr' id='par_1_4' title="bbox 336 2563 2616 3638">
     <span class='ocr_line' id='line_1_20' title="bbox 429 2563 2612 2648; baseline 0 -22"><span class='ocrx_word' id='word_1_147' title='bbox 429 2564 500 2627; x_wconf 90' lang='lat' dir='ltr'>Is</span> <span class='ocrx_word' id='word_1_148' title='bbox 545 2564 785 2647; x_wconf 92' lang='lat' dir='ltr'>quippe</span> <span class='ocrx_word' id='word_1_149' title='bbox 831 2563 1002 2646; x_wconf 88' lang='lat' dir='ltr'>apud</span> <span class='ocrx_word' id='word_1_150' title='bbox 1049 2563 1263 2627; x_wconf 90' lang='lat' dir='ltr'>locum</span> <span class='ocrx_word' id='word_1_151' title='bbox 1306 2565 1421 2648; x_wconf 90' lang='lat' dir='ltr'>qui</span> <span class='ocrx_word' id='word_1_152' title='bbox 1468 2565 1671 2628; x_wconf 74' lang='lat' dir='ltr'>Gerva</span> <span class='ocrx_word' id='word_1_153' title='bbox 1712 2564 1969 2642; x_wconf 90' lang='lat' dir='ltr'>dicitur,</span> <span class='ocrx_word' id='word_1_154' title='bbox 2013 2565 2084 2628; x_wconf 89' lang='lat' dir='ltr'>in</span> <span class='ocrx_word' id='word_1_155' title='bbox 2128 2565 2193 2628; x_wconf 89' lang='lat' dir='ltr'>N</span> <span class='ocrx_word' id='word_1_156' title='bbox 2195 2566 2612 2647; x_wconf 86' lang='lat' dir='ltr'>orthanhym-</span> 
     </span>
     <span class='ocr_line' id='line_1_21' title="bbox 336 2661 2612 2746; baseline 0 -20"><span class='ocrx_word' id='word_1_157' title='bbox 336 2663 602 2727; x_wconf 90' lang='lat' dir='ltr'>brorum</span> <span class='ocrx_word' id='word_1_158' title='bbox 645 2662 954 2746; x_wconf 88' lang='lat' dir='ltr'>partibus,</span> <span class='ocrx_word' id='word_1_159' title='bbox 997 2662 1175 2746; x_wconf 88' lang='lat' dir='ltr'>prius</span> <span class='ocrx_word' id='word_1_160' title='bbox 1219 2661 1554 2746; x_wconf 88' lang='lat' dir='ltr'>aliquanto</span> <span class='ocrx_word' id='word_1_161' title='bbox 1596 2668 1886 2745; x_wconf 89' lang='lat' dir='ltr'>tempore</span> <span class='ocrx_word' id='word_1_162' title='bbox 1915 2673 2362 2740; x_wconf 83' lang='lat' dir='ltr'>commoratus,</span> <span class='ocrx_word' id='word_1_163' title='bbox 2393 2663 2612 2746; x_wconf 88' lang='lat' dir='ltr'>ibique</span> 
     </span>
     <span class='ocr_line' id='line_1_22' title="bbox 339 2761 2615 2846; baseline -0 -21"><span class='ocrx_word' id='word_1_164' title='bbox 339 2761 583 2825; x_wconf 84' lang='lat' dir='ltr'>divinae</span> <span class='ocrx_word' id='word_1_165' title='bbox 611 2761 1142 2846; x_wconf 86' lang='lat' dir='ltr'>contemplationi</span> <span class='ocrx_word' id='word_1_166' title='bbox 1179 2781 1416 2825; x_wconf 89' lang='lat' dir='ltr'>vacans</span> <span class='ocrx_word' id='word_1_167' title='bbox 1461 2761 1787 2825; x_wconf 87' lang='lat' dir='ltr'>solitarius</span> <span class='ocrx_word' id='word_1_168' title='bbox 1834 2761 2072 2836; x_wconf 83' lang='lat' dir='ltr'>extitit,</span> <span class='ocrx_word' id='word_1_169' title='bbox 2100 2781 2351 2826; x_wconf 90' lang='lat' dir='ltr'>necnon</span> <span class='ocrx_word' id='word_1_170' title='bbox 2391 2769 2615 2843; x_wconf 87' lang='lat' dir='ltr'>postea</span> 
     </span>
     <span class='ocr_line' id='line_1_23' title="bbox 340 2859 2615 2943; baseline 0 -19"><span class='ocrx_word' id='word_1_171' title='bbox 340 2860 570 2924; x_wconf 90' lang='lat' dir='ltr'>multis</span> <span class='ocrx_word' id='word_1_172' title='bbox 614 2860 741 2924; x_wconf 89' lang='lat' dir='ltr'>sibi</span> <span class='ocrx_word' id='word_1_173' title='bbox 783 2861 1040 2924; x_wconf 90' lang='lat' dir='ltr'>sociatis</span> <span class='ocrx_word' id='word_1_174' title='bbox 1086 2860 1411 2936; x_wconf 85' lang='lat' dir='ltr'>fratribus,</span> <span class='ocrx_word' id='word_1_175' title='bbox 1455 2861 1570 2942; x_wconf 92' lang='lat' dir='ltr'>qui</span> <span class='ocrx_word' id='word_1_176' title='bbox 1614 2861 1756 2943; x_wconf 86' lang='lat' dir='ltr'>ejus</span> <span class='ocrx_word' id='word_1_177' title='bbox 1800 2859 2114 2923; x_wconf 89' lang='lat' dir='ltr'>desiderio</span> <span class='ocrx_word' id='word_1_178' title='bbox 2159 2859 2239 2922; x_wconf 87' lang='lat' dir='ltr'>ad</span> <span class='ocrx_word' id='word_1_179' title='bbox 2285 2880 2434 2923; x_wconf 88' lang='lat' dir='ltr'>eum</span> <span class='ocrx_word' id='word_1_180' title='bbox 2463 2880 2615 2924; x_wconf 92' lang='lat' dir='ltr'>con-</span> 
     </span>
     <span class='ocr_line' id='line_1_24' title="bbox 339 2957 2613 3041; baseline -0 -18"><span class='ocrx_word' id='word_1_181' title='bbox 339 2961 681 3037; x_wconf 87' lang='lat' dir='ltr'>fluxerant,</span> <span class='ocrx_word' id='word_1_182' title='bbox 704 2960 844 3024; x_wconf 91' lang='lat' dir='ltr'>Deo</span> <span class='ocrx_word' id='word_1_183' title='bbox 865 2965 1083 3023; x_wconf 87' lang='lat' dir='ltr'>nostro</span> <span class='ocrx_word' id='word_1_184' title='bbox 1114 2960 1234 3023; x_wconf 90' lang='lat' dir='ltr'>sub</span> <span class='ocrx_word' id='word_1_185' title='bbox 1258 2958 1659 3022; x_wconf 88' lang='lat' dir='ltr'>districtione</span> <span class='ocrx_word' id='word_1_186' title='bbox 1678 2957 1916 3041; x_wconf 78' lang='lat' dir='ltr'>regulae</span> <span class='ocrx_word' id='word_1_187' title='bbox 1937 2957 2213 3021; x_wconf 87' lang='lat' dir='ltr'>viriliter</span> <span class='ocrx_word' id='word_1_188' title='bbox 2233 2958 2613 3041; x_wconf 85' lang='lat' dir='ltr'>aliquandiu</span> 
     </span>
     <span class='ocr_line' id='line_1_25' title="bbox 341 3056 2616 3141; baseline -0 -18"><span class='ocrx_word' id='word_1_189' title='bbox 341 3059 706 3123; x_wconf 86' lang='lat' dir='ltr'>deservivit.</span> <span class='ocrx_word' id='word_1_190' title='bbox 794 3059 1000 3122; x_wconf 88' lang='lat' dir='ltr'>Locus</span> <span class='ocrx_word' id='word_1_191' title='bbox 1030 3064 1248 3122; x_wconf 83' lang='lat' dir='ltr'>autem</span> <span class='ocrx_word' id='word_1_192' title='bbox 1269 3056 1403 3133; x_wconf 91' lang='lat' dir='ltr'>ille,</span> <span class='ocrx_word' id='word_1_193' title='bbox 1425 3056 1724 3141; x_wconf 89' lang='lat' dir='ltr'>quamvis</span> <span class='ocrx_word' id='word_1_194' title='bbox 1754 3056 1835 3120; x_wconf 87' lang='lat' dir='ltr'>ad</span> <span class='ocrx_word' id='word_1_195' title='bbox 1866 3056 2005 3139; x_wconf 86' lang='lat' dir='ltr'>ejus</span> <span class='ocrx_word' id='word_1_196' title='bbox 2026 3056 2366 3122; x_wconf 90' lang='lat' dir='ltr'>introitum</span> <span class='ocrx_word' id='word_1_197' title='bbox 2388 3057 2616 3122; x_wconf 88' lang='lat' dir='ltr'>fuisset</span> 
     </span>
     <span class='ocr_line' id='line_1_26' title="bbox 342 3156 2613 3234; baseline -0 -13"><span class='ocrx_word' id='word_1_198' title='bbox 342 3158 625 3223; x_wconf 85' lang='lat' dir='ltr'>ferarum</span> <span class='ocrx_word' id='word_1_199' title='bbox 655 3164 722 3222; x_wconf 90' lang='lat' dir='ltr'>et</span> <span class='ocrx_word' id='word_1_200' title='bbox 750 3158 970 3222; x_wconf 87' lang='lat' dir='ltr'>avium</span> <span class='ocrx_word' id='word_1_201' title='bbox 1015 3156 1349 3234; x_wconf 80' lang='lat' dir='ltr'>habitatin,</span> <span class='ocrx_word' id='word_1_202' title='bbox 1380 3156 1539 3220; x_wconf 90' lang='lat' dir='ltr'>olim</span> <span class='ocrx_word' id='word_1_203' title='bbox 1570 3164 1788 3220; x_wconf 85' lang='lat' dir='ltr'>tamen</span> <span class='ocrx_word' id='word_1_204' title='bbox 1817 3156 1888 3218; x_wconf 90' lang='lat' dir='ltr'>in</span> <span class='ocrx_word' id='word_1_205' title='bbox 1918 3176 1993 3219; x_wconf 92' lang='lat' dir='ltr'>eo</span> <span class='ocrx_word' id='word_1_206' title='bbox 2038 3156 2258 3221; x_wconf 81' lang='lat' dir='ltr'>extitit</span> <span class='ocrx_word' id='word_1_207' title='bbox 2286 3177 2613 3221; x_wconf 90' lang='lat' dir='ltr'>servorum</span> 
     </span>
     <span class='ocr_line' id='line_1_27' title="bbox 344 3254 2616 3340; baseline 0 -19"><span class='ocrx_word' id='word_1_208' title='bbox 344 3257 473 3322; x_wconf 91' lang='lat' dir='ltr'>Dei</span> <span class='ocrx_word' id='word_1_209' title='bbox 544 3257 710 3320; x_wconf 89' lang='lat' dir='ltr'>inibi</span> <span class='ocrx_word' id='word_1_210' title='bbox 767 3256 1141 3340; x_wconf 86' lang='lat' dir='ltr'>degentium</span> <span class='ocrx_word' id='word_1_211' title='bbox 1205 3254 1439 3320; x_wconf 85' lang='lat' dir='ltr'>fertilis</span> <span class='ocrx_word' id='word_1_212' title='bbox 1506 3255 1912 3339; x_wconf 88' lang='lat' dir='ltr'>constipatio,</span> <span class='ocrx_word' id='word_1_213' title='bbox 1971 3256 2144 3320; x_wconf 89' lang='lat' dir='ltr'>inter</span> <span class='ocrx_word' id='word_1_214' title='bbox 2199 3276 2360 3340; x_wconf 93' lang='lat' dir='ltr'>quos</span> <span class='ocrx_word' id='word_1_215' title='bbox 2419 3258 2616 3321; x_wconf 85' lang='lat' dir='ltr'>etiam</span> 
     </span>
     <span class='ocr_line' id='line_1_28' title="bbox 342 3355 2614 3440; baseline 0 -20"><span class='ocrx_word' id='word_1_216' title='bbox 342 3356 730 3421; x_wconf 86' lang='lat' dir='ltr'>venerabilis</span> <span class='ocrx_word' id='word_1_217' title='bbox 798 3355 1114 3439; x_wconf 91' lang='lat' dir='ltr'>presbiter</span> <span class='ocrx_word' id='word_1_218' title='bbox 1171 3355 1347 3420; x_wconf 70' lang='lat' dir='ltr'>Beda</span> <span class='ocrx_word' id='word_1_219' title='bbox 1403 3355 1640 3432; x_wconf 88' lang='lat' dir='ltr'>floruit,</span> <span class='ocrx_word' id='word_1_220' title='bbox 1698 3355 1813 3439; x_wconf 90' lang='lat' dir='ltr'>qui</span> <span class='ocrx_word' id='word_1_221' title='bbox 1886 3355 2094 3418; x_wconf 88' lang='lat' dir='ltr'>multa</span> <span class='ocrx_word' id='word_1_222' title='bbox 2151 3357 2614 3440; x_wconf 86' lang='lat' dir='ltr'>scripturarum</span> 
     </span>
     <span class='ocr_line' id='line_1_29' title="bbox 341 3454 2614 3538; baseline 0 -18"><span class='ocrx_word' id='word_1_223' title='bbox 341 3462 742 3520; x_wconf 86' lang='lat' dir='ltr'>sacramenta</span> <span class='ocrx_word' id='word_1_224' title='bbox 782 3475 896 3538; x_wconf 90' lang='lat' dir='ltr'>per</span> <span class='ocrx_word' id='word_1_225' title='bbox 935 3455 1248 3538; x_wconf 88' lang='lat' dir='ltr'>Spiritum</span> <span class='ocrx_word' id='word_1_226' title='bbox 1296 3455 1606 3518; x_wconf 87' lang='lat' dir='ltr'>Sanctum</span> <span class='ocrx_word' id='word_1_227' title='bbox 1653 3454 1970 3519; x_wconf 89' lang='lat' dir='ltr'>disserens</span> <span class='ocrx_word' id='word_1_228' title='bbox 2016 3455 2098 3518; x_wconf 86' lang='lat' dir='ltr'>ad</span> <span class='ocrx_word' id='word_1_229' title='bbox 2128 3456 2614 3521; x_wconf 72' lang='lat' dir='ltr'>aedificationem</span> 
     </span>
     <span class='ocr_line' id='line_1_30' title="bbox 342 3553 1517 3638; baseline 0.002 -21"><span class='ocrx_word' id='word_1_230' title='bbox 342 3554 633 3618; x_wconf 89' lang='lat' dir='ltr'>fidelium</span> <span class='ocrx_word' id='word_1_231' title='bbox 662 3555 1135 3638; x_wconf 86' lang='lat' dir='ltr'>imperpetuum</span> <span class='ocrx_word' id='word_1_232' title='bbox 1158 3553 1517 3637; x_wconf 87' lang='lat' dir='ltr'>dereliquit.</span> 
     </span>
    </p>

    <p class='ocr_par' dir='ltr' id='par_1_5' title="bbox 346 3651 2617 4332">
     <span class='ocr_line' id='line_1_31' title="bbox 431 3651 2614 3737; baseline 0 -19"><span class='ocrx_word' id='word_1_233' title='bbox 431 3654 784 3718; x_wconf 86' lang='lat' dir='ltr'>Praedictus</span> <span class='ocrx_word' id='word_1_234' title='bbox 821 3674 966 3737; x_wconf 85' lang='lat' dir='ltr'>ergo</span> <span class='ocrx_word' id='word_1_235' title='bbox 1009 3654 1376 3736; x_wconf 73' lang='lat' dir='ltr'>Rensridzae,</span> <span class='ocrx_word' id='word_1_236' title='bbox 1405 3651 1705 3717; x_wconf 87' lang='lat' dir='ltr'>desiderii</span> <span class='ocrx_word' id='word_1_237' title='bbox 1750 3652 1852 3716; x_wconf 89' lang='lat' dir='ltr'>sui</span> <span class='ocrx_word' id='word_1_238' title='bbox 1895 3672 2027 3716; x_wconf 88' lang='lat' dir='ltr'>non</span> <span class='ocrx_word' id='word_1_239' title='bbox 2069 3652 2422 3730; x_wconf 90' lang='lat' dir='ltr'>immemor,</span> <span class='ocrx_word' id='word_1_240' title='bbox 2466 3676 2614 3719; x_wconf 87' lang='lat' dir='ltr'>cum</span> 
     </span>
     <span class='ocr_line' id='line_1_32' title="bbox 346 3751 2615 3840; baseline 0.001 -25"><span class='ocrx_word' id='word_1_241' title='bbox 346 3752 567 3816; x_wconf 83' lang='lat' dir='ltr'>fratres</span> <span class='ocrx_word' id='word_1_242' title='bbox 626 3752 743 3835; x_wconf 92' lang='lat' dir='ltr'>qui</span> <span class='ocrx_word' id='word_1_243' title='bbox 816 3771 964 3816; x_wconf 90' lang='lat' dir='ltr'>cum</span> <span class='ocrx_word' id='word_1_244' title='bbox 1037 3772 1112 3815; x_wconf 89' lang='lat' dir='ltr'>eo</span> <span class='ocrx_word' id='word_1_245' title='bbox 1154 3752 1584 3840; x_wconf 31' lang='lat' dir='ltr'>‚morabantur</span> <span class='ocrx_word' id='word_1_246' title='bbox 1654 3752 1728 3815; x_wconf 88' lang='lat' dir='ltr'>in</span> <span class='ocrx_word' id='word_1_247' title='bbox 1800 3751 2161 3836; x_wconf 86' lang='lat' dir='ltr'>disciplinis</span> <span class='ocrx_word' id='word_1_248' title='bbox 2217 3753 2615 3836; x_wconf 84' lang='lat' dir='ltr'>regularibus</span> 
     </span>
     <span class='ocr_line' id='line_1_33' title="bbox 347 3849 2615 3935; baseline 0.002 -23"><span class='ocrx_word' id='word_1_249' title='bbox 347 3850 693 3917; x_wconf 88' lang='lat' dir='ltr'>instructos</span> <span class='ocrx_word' id='word_1_250' title='bbox 752 3852 1023 3917; x_wconf 89' lang='lat' dir='ltr'>vidisset</span> <span class='ocrx_word' id='word_1_251' title='bbox 1080 3850 1409 3935; x_wconf 86' lang='lat' dir='ltr'>religionis</span> <span class='ocrx_word' id='word_1_252' title='bbox 1474 3849 1844 3914; x_wconf 80' lang='lat' dir='ltr'>monasticae</span> <span class='ocrx_word' id='word_1_253' title='bbox 1895 3851 2232 3934; x_wconf 84' lang='lat' dir='ltr'>praeceptis</span> <span class='ocrx_word' id='word_1_254' title='bbox 2288 3851 2615 3929; x_wconf 77' lang='lat' dir='ltr'>inhaerere,</span> 
     </span>
     <span class='ocr_line' id='line_1_34' title="bbox 349 3948 2614 4033; baseline 0 -21"><span class='ocrx_word' id='word_1_255' title='bbox 349 3949 664 4032; x_wconf 87' lang='lat' dir='ltr'>deputans</span> <span class='ocrx_word' id='word_1_256' title='bbox 691 3950 942 4015; x_wconf 88' lang='lat' dir='ltr'>labores</span> <span class='ocrx_word' id='word_1_257' title='bbox 971 3949 1126 4015; x_wconf 83' lang='lat' dir='ltr'>vitae</span> <span class='ocrx_word' id='word_1_258' title='bbox 1154 3948 1486 4033; x_wconf 82' lang='lat' dir='ltr'>praesentis</span> <span class='ocrx_word' id='word_1_259' title='bbox 1515 3949 1929 4032; x_wconf 81' lang='lat' dir='ltr'>parvissimos</span> <span class='ocrx_word' id='word_1_260' title='bbox 1959 3949 2041 4012; x_wconf 87' lang='lat' dir='ltr'>ad</span> <span class='ocrx_word' id='word_1_261' title='bbox 2072 3950 2614 4033; x_wconf 89' lang='lat' dir='ltr'>comparationem</span> 
     </span>
     <span class='ocr_line' id='line_1_35' title="bbox 349 4047 2617 4132; baseline 0 -22"><span class='ocrx_word' id='word_1_262' title='bbox 349 4052 599 4112; x_wconf 82' lang='lat' dir='ltr'>aeternae</span> <span class='ocrx_word' id='word_1_263' title='bbox 640 4049 1100 4125; x_wconf 90' lang='lat' dir='ltr'>retributionis,</span> <span class='ocrx_word' id='word_1_264' title='bbox 1143 4048 1304 4132; x_wconf 89' lang='lat' dir='ltr'>ipsis</span> <span class='ocrx_word' id='word_1_265' title='bbox 1347 4048 1766 4112; x_wconf 79' lang='lat' dir='ltr'>maerentibus</span> <span class='ocrx_word' id='word_1_266' title='bbox 1823 4047 2206 4124; x_wconf 83' lang='lat' dir='ltr'>valedicens,</span> <span class='ocrx_word' id='word_1_267' title='bbox 2264 4047 2617 4112; x_wconf 88' lang='lat' dir='ltr'>solitariam</span> 
     </span>
     <span class='ocr_line' id='line_1_36' title="bbox 351 4145 2610 4233; baseline 0.001 -25"><span class='ocrx_word' id='word_1_268' title='bbox 351 4146 553 4209; x_wconf 86' lang='lat' dir='ltr'>vitam</span> <span class='ocrx_word' id='word_1_269' title='bbox 593 4149 873 4214; x_wconf 88' lang='lat' dir='ltr'>ducendi</span> <span class='ocrx_word' id='word_1_270' title='bbox 937 4148 1145 4233; x_wconf 84' lang='lat' dir='ltr'>gratia</span> <span class='ocrx_word' id='word_1_271' title='bbox 1187 4147 1629 4231; x_wconf 84' lang='lat' dir='ltr'>Wyttebeiam</span> <span class='ocrx_word' id='word_1_272' title='bbox 1653 4145 1680 4184; x_wconf 77' lang='lat'><strong>⁴</strong></span> <span class='ocrx_word' id='word_1_273' title='bbox 1743 4146 1944 4223; x_wconf 88' lang='lat' dir='ltr'>venit,</span> <span class='ocrx_word' id='word_1_274' title='bbox 2008 4147 2123 4211; x_wconf 91' lang='lat' dir='ltr'>sed</span> <span class='ocrx_word' id='word_1_275' title='bbox 2182 4147 2276 4211; x_wconf 90' lang='lat' dir='ltr'>ibi</span> <span class='ocrx_word' id='word_1_276' title='bbox 2341 4168 2610 4230; x_wconf 92' lang='lat' dir='ltr'>quoque.</span> 
     </span>
     <span class='ocr_line' id='line_1_37' title="bbox 351 4245 2617 4332; baseline 0.001 -26"><span class='ocrx_word' id='word_1_277' title='bbox 351 4245 568 4309; x_wconf 84' lang='lat' dir='ltr'>audita</span> <span class='ocrx_word' id='word_1_278' title='bbox 607 4249 748 4331; x_wconf 87' lang='lat' dir='ltr'>ejus</span> <span class='ocrx_word' id='word_1_279' title='bbox 792 4248 983 4325; x_wconf 87' lang='lat' dir='ltr'>fama,</span> <span class='ocrx_word' id='word_1_280' title='bbox 1025 4246 1243 4332; x_wconf 91' lang='lat' dir='ltr'>plures</span> <span class='ocrx_word' id='word_1_281' title='bbox 1287 4247 1349 4311; x_wconf 90' lang='lat' dir='ltr'>ei</span> <span class='ocrx_word' id='word_1_282' title='bbox 1392 4247 1620 4311; x_wconf 90' lang='lat' dir='ltr'>sociati</span> <span class='ocrx_word' id='word_1_283' title='bbox 1650 4251 1820 4322; x_wconf 89' lang='lat' dir='ltr'>sunt,</span> <span class='ocrx_word' id='word_1_284' title='bbox 1849 4266 2000 4310; x_wconf 90' lang='lat' dir='ltr'>cum</span> <span class='ocrx_word' id='word_1_285' title='bbox 2043 4267 2117 4311; x_wconf 90' lang='lat' dir='ltr'>eo</span> <span class='ocrx_word' id='word_1_286' title='bbox 2161 4246 2617 4331; x_wconf 85' lang='lat' dir='ltr'>perpetualiter</span> 
     </span>
    </p>
   </div>
   <div class='ocr_carea' id='block_1_3' title="bbox 422 4404 2472 4637">
    <p class='ocr_par' dir='ltr' id='par_1_6' title="bbox 422 4404 2472 4637">
     <span class='ocr_line' id='line_1_38' title="bbox 424 4404 2472 4462; baseline -0.001 -4"><span class='ocrx_word' id='word_1_287' title='bbox 424 4404 443 4439; x_wconf 84' lang='lat'>¹</span> <span class='ocrx_word' id='word_1_288' title='bbox 468 4408 844 4462; x_wconf 66' lang='lat' dir='ltr'>lucar-nationis</span> <span class='ocrx_word' id='word_1_289' title='bbox 868 4412 1152 4462; x_wconf 70' lang='lat' dir='ltr'>Dominicoe</span> <span class='ocrx_word' id='word_1_290' title='bbox 1176 4410 1409 4461; x_wconf 83' lang='lat' dir='ltr'>inserted</span> <span class='ocrx_word' id='word_1_291' title='bbox 1435 4410 1492 4460; x_wconf 87' lang='lat' dir='ltr'>in</span> <span class='ocrx_word' id='word_1_292' title='bbox 1517 4410 1577 4461; x_wconf 87' lang='lat' dir='ltr'>C.</span> <span class='ocrx_word' id='word_1_293' title='bbox 2108 4407 2130 4442; x_wconf 82' lang='lat'>²</span> <span class='ocrx_word' id='word_1_294' title='bbox 2171 4407 2472 4459; x_wconf 63' lang='lat' dir='ltr'>wammam.</span> 
     </span>
     <span class='ocr_line' id='line_1_39' title="bbox 422 4487 1989 4555; baseline -0.004 -8"><span class='ocrx_word' id='word_1_295' title='bbox 422 4487 446 4523; x_wconf 81' lang='lat'><strong>³</strong></span> <span class='ocrx_word' id='word_1_296' title='bbox 468 4491 778 4555; x_wconf 54' lang='lat' dir='ltr'>Remu-idua,</span> <span class='ocrx_word' id='word_1_297' title='bbox 809 4511 867 4546; x_wconf 85' lang='lat' dir='ltr'>as</span> <span class='ocrx_word' id='word_1_298' title='bbox 891 4495 1003 4547; x_wconf 81' lang='lat' dir='ltr'>also</span> <span class='ocrx_word' id='word_1_299' title='bbox 1026 4495 1082 4545; x_wconf 87' lang='lat' dir='ltr'>iu</span> <span class='ocrx_word' id='word_1_300' title='bbox 1109 4494 1181 4545; x_wconf 75' lang='lat' dir='ltr'>all</span> <span class='ocrx_word' id='word_1_301' title='bbox 1209 4494 1390 4546; x_wconf 75' lang='lat' dir='ltr'>future</span> <span class='ocrx_word' id='word_1_302' title='bbox 1414 4509 1561 4544; x_wconf 81' lang='lat' dir='ltr'>cases</span> <span class='ocrx_word' id='word_1_303' title='bbox 1585 4491 1641 4543; x_wconf 77' lang='lat' dir='ltr'>of</span> <span class='ocrx_word' id='word_1_304' title='bbox 1664 4507 1989 4543; x_wconf 82' lang='lat' dir='ltr'>occurrence.</span> 
     </span>
     <span class='ocr_line' id='line_1_40' title="bbox 424 4570 800 4637; baseline 0.008 -12"><span class='ocrx_word' id='word_1_305' title='bbox 424 4570 445 4605; x_wconf 82' lang='lat'><strong>⁴</strong></span> <span class='ocrx_word' id='word_1_306' title='bbox 484 4573 800 4637; x_wconf 75' lang='lat' dir='ltr'>Wythebiam.</span> 
     </span>
    </p>
   </div>
  </div>
 </body>
</html>
