3285 5121
608 531 731 594 310
979 546 1524 601 CARTULARIUM
1561 549 1967 602 ABBATBIAE
2001 550 2101 602 DE
2140 550 2509 602 WHITEBY.

606 710 685 774 de
719 711 1128 794 Scirpenbek,
1151 714 1335 777 Ebor.
1361 713 1702 790 dioceseOS,
1720 735 1794 779 ac
1818 714 2031 779 Curiae
2050 715 2234 779 Ebor.
2256 715 2625 790 advocatae,
2641 713 2868 798 palam

607 810 883 893 publice,
934 819 1001 875 et
1059 832 1178 875 sua
1235 819 1589 895 spontanea
1648 813 2002 890 voluntate,
2053 820 2130 877 ut
2188 813 2375 890 dixit,
2434 814 2756 877 fatebatur
2816 820 2900 876 et

606 911 978 992 recognovit
1021 911 1262 975 dictam
1308 911 1458 975 eccl.
1505 932 1690 975 suam
1740 913 1818 976 de
1867 913 2267 996 Scirpenbek
2315 913 2654 996 Religiosis
2701 912 2891 987 viriS,

609 1010 853 1073 Abbati
882 1017 948 1074 et
993 1011 1189 1075 Conv.
1225 1011 1604 1074 Monasterii
1651 1011 1731 1075 de
1761 1011 2058 1095 Whitby,
2104 1012 2366 1076 Ordinis
2412 1012 2474 1077 S.
2521 1011 2890 1086 Benedicti,

608 1111 793 1175 Ebor.
839 1111 1178 1187 dioceseos,
1207 1111 1493 1194 patronis
1538 1111 1830 1194 ejusdem
1873 1111 2175 1188 ecclesiae,
2205 1112 2404 1176 fuisse
2446 1117 2513 1176 et
2542 1131 2680 1176 esse
2723 1131 2892 1194 pen-

607 1211 951 1274 sionariam
1001 1211 1335 1274 annuatim
1380 1211 1451 1273 in
1503 1211 1621 1273 xiii
1671 1231 1719 1275 s.
1769 1217 1835 1275 et
1880 1211 2033 1274 iiii⁰r
2078 1211 2136 1275 d.
2182 1212 2653 1295 sterlingorum,
2681 1231 2889 1273 unam

609 1329 890 1373 marcam
918 1311 989 1373 in
1018 1309 1262 1392 Anglia
1306 1308 1667 1373 secundum
1701 1308 2234 1373 consuetudinem
2277 1310 2521 1373 ibidem
2565 1310 2882 1372 usitatam

607 1408 1003 1484 facientium,
1033 1417 1097 1471 et
1142 1409 1356 1490 ipsum
1386 1408 1469 1471 ad
1498 1407 1875 1491 hujusmodi
1914 1408 2290 1491 pensionem
2319 1409 2656 1472 annuatim
2687 1407 2887 1471 dictis

610 1507 950 1590 Religiosis
980 1507 1136 1570 viris
1168 1507 1445 1571 fideliter
1473 1507 1852 1571 solvendam
1882 1527 2179 1590 expresse
2208 1507 2522 1591 obligavit
2565 1507 2884 1591 quamdiu

610 1608 948 1690 contigerit
992 1607 1209 1689 ipsum
1252 1627 1392 1671 esse
1436 1613 1751 1670 rectorem
1794 1606 2080 1671 ecclesiae
2124 1606 2525 1689 supradictae,
2556 1613 2622 1671 et
2651 1607 2721 1669 in
2751 1607 2884 1690 sig·

610 1727 769 1769 num
813 1706 1141 1789 pensionis
1185 1706 1561 1789 hujusmodi
1604 1706 1839 1770 debitae
1892 1706 2235 1788 Religiosis
2287 1705 2647 1782 antedictis,
2699 1706 2886 1770 fratri

608 1806 798 1869 Petro
843 1805 922 1869 de
970 1805 1378 1888 Hertilpole,l
1423 1806 1739 1870 monacho
1783 1805 1947 1869 dicti
1995 1804 2395 1880 Monasterii,
2446 1805 2690 1869 ibidem
2736 1826 2882 1888 per-

607 1905 916 1969 sonaliter
944 1907 1246 1988 praesenti
1276 1906 1540 1970 nomine
1571 1905 1921 1969 eorundem
1966 1904 2431 1988 Religiosorum
2463 1911 2528 1968 et
2555 1924 2670 1988 pro
2700 1905 2886 1987 ipsiS,

610 2027 814 2069 unum
843 2005 1170 2088 grossum²
1213 2005 1478 2089 argenti,
1523 2010 1803 2088 quatuor
1833 2003 2127 2067 denarios
2166 2003 2618 2086 sterlingorum
2665 2002 2880 2087 (124b)

608 2103 870 2178 faciens,
901 2103 1079 2166 dedit
1102 2108 1168 2165 et
1196 2102 1497 2166 liberavit
1516 2110 1677 2166 tunc
1699 2101 1962 2166 ibidem.
2035 2101 2204 2165 Acta
2232 2102 2494 2165 fuerunt
2524 2101 2660 2165 haec
2691 2110 2888 2185 prout

610 2221 802 2283 supra
832 2202 1206 2264 scribuntur
1249 2202 1370 2264 sub
1415 2222 1605 2277 anno,
1651 2200 2025 2278 indictione,
2070 2201 2468 2284 pontificatu,
2512 2222 2749 2279 mense,
2779 2202 2887 2266 die

607 2306 673 2364 et
702 2300 839 2362 loco
870 2299 1213 2381 praedictis,
1242 2300 1667 2382 praesentibus
1698 2299 1994 2363 discretis
2019 2301 2175 2364 viris
2207 2301 2520 2384 Magistro
2550 2301 2886 2365 Willelmo

613 2400 693 2463 de
740 2399 982 2481 Fereby
1015 2399 1095 2462 de
1142 2400 1346 2477 Ebor„
1379 2399 1589 2463 Curiae
1636 2399 2057 2463 Eboracensis
2100 2400 2426 2475 advocat0,
2466 2406 2532 2464 et
2560 2399 2775 2464 Adam
2805 2401 2888 2466 de

614 2500 878 2584 Sartryn
909 2499 989 2564 de
1036 2500 1396 2577 Haknesse‚
1423 2499 1699 2576 literato,
1731 2499 1916 2564 Ebor.
1951 2500 2292 2578 dioceseos»,
2325 2506 2391 2565 et
2419 2498 2564 2565 aliis
2607 2500 2888 2566 testibus

606 2602 687 2666 ad
718 2601 1046 2685 praemissa
1075 2602 1320 2665 vocatis
1351 2600 1717 2684 specialiter
1746 2606 1813 2663 et
1841 2600 2096 2683 rogatis,

696 2702 784 2764 Et
827 2720 942 2785 ego
972 2701 1038 2763 N
1040 2700 1327 2764 icholaus
1361 2701 1577 2763 Broun
1623 2700 1704 2763 de
1750 2697 2157 2782 Esyngwald,
2190 2698 2498 2775 Clericus,
2531 2698 2715 2763 Ebor.
2749 2700 2891 2764 dio·

611 2821 842 2878 osseca,
915 2800 1213 2884 publicus
1279 2801 1665 2864 auctoritate
1727 2798 2105 2881 Apostolica
2173 2800 2482 2875 notariuS,
2541 2800 2891 2881 praemissis

609 2900 1049 2984 recognitioni,
1059 2900 1440 2985 obligationi
1459 2905 1524 2964 et
1546 2899 1932 2976 liberationi,
1948 2919 2020 2962 ae
2041 2899 2344 2963 omnibus
2363 2898 2508 2962 aliis
2527 2905 2594 2962 et
2612 2899 2888 2983 singulis

610 3000 1013 3083 supradictis,
1043 3000 1201 3063 dum
1244 3000 1356 3078 sic,
1398 3006 1475 3063 ut
1518 2999 1956 3082 praemittitur,
1986 3004 2327 3081 agerentur
2371 3003 2437 3062 et
2480 2998 2725 3076 fierent,
2755 3019 2892 3061 una

610 3121 758 3163 cum
790 3099 1271 3181 praenominatis
1302 3100 1580 3163 testibus
1609 3098 2030 3181 personaliter
2058 3118 2338 3181 praesens
2369 3098 2653 3174 interfui,
2684 3118 2890 3181 eaque

610 3200 703 3262 sic
749 3198 885 3262 fieri
929 3199 1065 3262 vidi
1109 3205 1175 3262 et
1222 3199 1464 3275 audivi,
1509 3199 1755 3281 scripsi,
1799 3204 1866 3261 et
1909 3197 1980 3260 in
2024 3196 2191 3261 hano
2244 3196 2572 3280 publicam
2616 3197 2892 3261 formam

608 3298 843 3381 redegi,
864 3298 1174 3382 signoque
1207 3318 1348 3361 meo
1380 3304 1684 3361 consueto
1715 3295 1965 3381 signavi
1993 3302 2253 3380 rogatus
2284 3296 2352 3358 in
2384 3296 2578 3360 fidem
2608 3301 2675 3360 et
2704 3297 2890 3360 testi-

610 3398 901 3461 monium
932 3398 1420 3479 praemissorum.

1071 3544 1554 3607 CCCLXXIII.
1586 3543 1763 3607 AmA
1794 3560 1881 3607 DE
1912 3544 2343 3609 Scamanemz.

701 3668 765 3730 N
769 3667 1021 3731 overint
1085 3666 1373 3729 universi
1432 3687 1546 3749 per
1614 3674 1962 3751 praesentes
2021 3690 2143 3744 me,
2201 3668 2610 3733 Willelmum
2678 3668 2889 3732 filium

614 3767 873 3830 Thomae
918 3765 1227 3849 Chancy⁸
1269 3765 1587 3829 seniorem
1633 3766 1716 3830 de
1760 3767 2173 3850 Scirpenbek,
2203 3768 2540 3843 remisisse,
2573 3766 2893 3831 relaxasse

611 3876 677 3931 et
707 3888 820 3950 pro
850 3887 953 3930 me
985 3872 1050 3930 et
1079 3866 1230 3930 haer.
1259 3865 1422 3929 meis
1453 3865 1933 3950 imperpetuum
1980 3868 2275 3951 quietum
2307 3868 2617 3931 clamasse
2646 3867 2894 3930 Abbati

612 3975 678 4031 et
710 3969 905 4032 Conv.
931 3965 1311 4030 Monasterii
1340 3965 1421 4030 de
1453 3966 1764 4049 Whiteby
1783 3965 2184 4031 omnimodas
2208 3967 2510 4043 actiones,
2533 3973 2669 4029 tam
2691 3965 2894 4030 reales

612 4088 808 4150 quam
838 4068 1221 4152 personaleS,
1245 4086 1405 4150 quas
1428 4086 1652 4130 versus
1684 4087 1790 4129 eos
1816 4066 2032 4144 habui,
2065 4087 2179 4131 seu
2203 4067 2420 4150 aliquo
2445 4066 2634 4130 modo
2659 4066 2894 4130 habere

684 4191 701 4225 ¹
738 4193 947 4244 Named
969 4194 1027 4244 in
1048 4193 1143 4243 the
1168 4192 1263 4243 list
1286 4191 1342 4244 of
1367 4191 1559 4242 monks
1581 4191 1738 4257 given
1763 4190 1820 4240 in
1844 4190 1943 4242 No.
1973 4193 2076 4247 377
2102 4208 2161 4242 as
2187 4192 2484 4243 But-sarius.

684 4275 706 4308 ²
746 4282 781 4304 ‘⁴
800 4278 964 4327 Grote
989 4277 1044 4327 of
1068 4292 1271 4341 money.
1349 4277 1572 4327 Grossus
1588 4273 1613 4295 ”
1646 4276 1905 4340 (Prompt.
1934 4274 2323 4337 Parvulorum).

682 4356 705 4390 ³
742 4358 839 4409 See
865 4360 965 4411 No.
989 4362 1108 4420 530,
1140 4359 1314 4409 which
1341 4358 1386 4408 is
1411 4357 1575 4408 dated
1610 4356 1668 4407 in
1698 4359 1850 4417 1346,
1879 4374 1940 4406 or
1964 4373 2109 4408 some
2133 4361 2344 4420 twenty
2378 4372 2534 4422 years
2556 4355 2737 4407 before
2760 4355 2889 4417 this,

610 4441 717 4491 and
743 4442 975 4491 wherein
1019 4447 1050 4470 “
1066 4442 1296 4492 Thomas
1334 4441 1402 4492 de
1427 4440 1684 4505 Chauncy
1709 4440 1787 4491 fil.
1813 4440 1957 4492 will.
1985 4440 2054 4491 de
2097 4440 2354 4505 Chauucy
2378 4440 2444 4490 de
2483 4438 2896 4503 Sekirpenbek”

606 4525 753 4589 gives
777 4540 810 4573 a
834 4524 1049 4589 general
1077 4525 1445 4576 confirmation
1470 4524 1525 4574 oi
1553 4524 1625 4574 all
1650 4524 1935 4575 donatione
1959 4524 2014 4574 of
2039 4523 2121 4575 his
2143 4527 2413 4574 ancestors
2437 4527 2496 4574 to
2520 4522 2764 4587 Whitby.
