3285 5121
730 580 1276 634 CARTULARIUM
1314 580 1720 632 ABBATHIAE
1750 582 1850 632 DE
1884 582 2258 635 WHITEBY.
2506 575 2630 634 287

357 746 683 810 mandatis
727 745 961 810 vestris
1007 745 1263 810 obedire
1307 745 1522 828 quoad
1565 745 1902 810 ecclesiam
1931 745 2010 811 de
2057 747 2336 832 Crossby
2366 749 2634 833 praedic—

355 850 510 923 tam,
540 866 801 911 securus
832 845 1021 910 nobis
1051 865 1183 909 non
1210 849 1397 929 patet
1439 865 1731 910 accessus
1760 865 1875 928 pro
1913 865 1986 910 eo
2016 845 2189 929 quod
2221 846 2383 911 dicti
2410 847 2632 913 Abbas

351 952 417 1009 et
462 946 682 1022 Conv„
726 965 841 1029 per
885 944 1200 1028 quosdam
1245 964 1413 1021 suoS,
1458 943 1950 1009 executionibus
1994 946 2447 1011 mandatorum
2490 968 2631 1012 ves-

358 1051 606 1108 trorum
635 1064 706 1108 se
725 1048 1081 1128 opponunt,
1099 1049 1292 1126 prout
1321 1043 1483 1107 alias
1500 1043 1685 1107 vobis
1715 1043 2094 1108 litteratorie
2112 1044 2635 1127 significavimus,

355 1143 662 1207 mandata
702 1148 921 1207 vestra
947 1143 1022 1206 in
1066 1143 1259 1225 pleno
1306 1142 1611 1225 Capitulo
1642 1142 2065 1220 Westmariae‚
2095 1142 2269 1227 apud
2311 1145 2636 1228 Appelby,

354 1245 670 1324 tanquam
699 1242 772 1305 in
799 1241 942 1306 loco
971 1240 1252 1324 publico,
1278 1241 1626 1323 Subpriore
1658 1240 1738 1304 de
1753 1241 2070 1325 Whiteby
2100 1247 2167 1306 et
2189 1243 2536 1326 Capellano
2556 1244 2633 1308 de

357 1341 672 1425 Orosseby
703 1340 1173 1406 Ravenswarth
1217 1340 1666 1424 praesentibus,
1696 1339 1938 1405 fuimus
1974 1343 2242 1407 executi.
2334 1343 2419 1406 In
2448 1344 2634 1426 cujus

357 1439 452 1504 rei
482 1446 628 1504 test.
662 1446 1011 1524 praesentes
1041 1439 1290 1502 litteras
1320 1437 1502 1502 vobis
1545 1439 2075 1505 transimittimus
2103 1447 2418 1525 patentes,
2460 1441 2633 1525 quod

355 1540 556 1604 etiam
629 1539 1211 1605 concommissariis
1270 1539 1503 1602 vestris
1575 1539 2034 1623 significamus.
2151 1541 2402 1605 Datum
2460 1541 2632 1626 apud

359 1637 684 1721 Appelby,
714 1639 820 1703 die
850 1638 1123 1702 Veneris
1153 1638 1447 1721 proximo
1490 1644 1638 1721 post
1668 1639 1709 1704 f.
1743 1638 1805 1703 S.
1836 1639 2208 1705 Scolasticae
2234 1640 2525 1726 virginis,
2552 1641 2629 1704 A.

354 1738 437 1802 D.
471 1738 818 1803 millesimo
852 1736 1294 1802 ducentesimo
1324 1737 1726 1821 sexagesimo
1754 1744 1998 1821 quarto.

382 1950 908 2042 νΟΟΟΧΧΧΙΧ.
954 1950 1169 2014 Anus
1198 1965 1394 2013 usas
1422 1965 1509 2013 ns
1537 1967 1765 2014 EADEM
1797 1967 2093 2016 mmm
2123 1969 2573 2018 rnAEcnnnN'rn.

435 2099 603 2163 Acta
644 2100 717 2162 in
745 2098 970 2183 vigilia
999 2097 1456 2182 Apostolorum
1501 2098 1805 2183 Symonis
1851 2104 1915 2165 et
1959 2101 2005 2165 J
2007 2101 2165 2178 udae,
2196 2102 2278 2167 A.
2308 2103 2389 2167 D.
2422 2103 2627 2167 mille-

350 2197 513 2262 simo
562 2196 1002 2261 ducentesimo
1050 2196 1446 2282 sexagesimo
1499 2203 1747 2280 quarto,
1792 2197 1863 2261 in
1917 2199 2204 2265 Ecclesia
2258 2200 2629 2266 Cathedrali

351 2296 767 2374 Kal-liolensi,
812 2317 1024 2360 coram
1076 2295 1281 2373 nobis,
1325 2297 1491 2360 M’ro
1545 2297 1844 2375 Roberto,
1890 2298 2158 2364 Rectore
2218 2301 2501 2366 ecclesiae
2549 2302 2627 2366 de

348 2398 647 2474 Dalston,
696 2398 753 2478 (1
775 2393 905 2479 12¹³)
957 2396 1126 2478 juris
1179 2395 1472 2459 canonici
1520 2396 1902 2475 Professore,
1946 2404 2204 2482 gerente
2255 2399 2429 2465 vices
2474 2401 2629 2464 D’ni

350 2496 590 2559 Prioris
614 2496 694 2559 de
724 2496 999 2573 Bredon,
1022 2494 1266 2579 judicis
1297 2516 1335 2558 a
1366 2495 1530 2560 Sede
1554 2496 1929 2580 Apostolica
1958 2497 2251 2583 delegati,
2271 2500 2628 2564 secundum

350 2599 620 2660 formam
650 2596 1138 2660 constitutionis
1180 2596 1307 2660 sibi
1351 2596 1539 2660 factae
1582 2596 1654 2659 in
1699 2617 1892 2661 eausa
1934 2617 2049 2662 seu
2088 2600 2342 2682 negotio
2372 2620 2628 2664 revoca-

349 2694 548 2758 tionis
591 2700 828 2758 temere
872 2698 1403 2778 attemptatorum
1448 2700 1513 2759 et
1556 2695 2013 2760 innovatorum
2056 2697 2127 2761 in
2178 2698 2625 2781 praejudicium

349 2793 664 2858 Willelmi
694 2793 774 2857 de
807 2793 1154 2871 Sevenake‚
1185 2815 1300 2859 seu
1330 2795 1410 2859 de
1441 2795 1640 2873 Kent,
1674 2795 1924 2873 Clerici,
1955 2797 2253 2861 Rofensis
2289 2797 2627 2874 dioceseOS,

349 2893 420 2956 in
451 2898 669 2957 nostra
695 2894 1039 2976 praesentia
1073 2895 1430 2972 constituti,
1458 2895 1879 2978 personaliter
1909 2896 2379 2981 comparentis,
2441 2897 2625 2962 Post-

350 3012 547 3074 quam
575 2992 748 3057 idem
778 2992 1167 3071 Willelmus,
1196 3014 1389 3058 causa
1432 2995 1963 3079 peregrinationis
1993 3002 2060 3061 et
2095 3017 2210 3079 pro
2238 2997 2624 3081 quibusdam

349 3092 620 3175 negotiis
665 3092 801 3156 suis
844 3093 1298 3176 promovendis
1342 3094 1469 3157 iter
1513 3094 1785 3178 arripuit
1814 3096 1896 3160 ad
1930 3095 2156 3160 Sedem
2187 3096 2625 3181 Apostolicam

347 3190 929 3255 veniendi—videl.
963 3211 1111 3254 cum
1142 3198 1465 3257 constaret
1496 3193 1682 3257 nobis
1726 3193 2013 3278 legitime
2042 3195 2420 3279 praedictum
2452 3195 2622 3259 diem

347 3291 546 3356 fuisse
576 3292 1002 3376 peremptorie
1033 3291 1372 3374 praefixum
1402 3293 1485 3357 ad
1514 3294 1944 3358 revocandum
1973 3295 2235 3378 praecise
2266 3295 2322 3359 si
2351 3295 2625 3379 liqueret

347 3395 585 3455 temere
614 3395 1000 3474 attemptata
1045 3397 1112 3455 et
1155 3390 1464 3457 innovata
1507 3394 1578 3456 in
1622 3414 1816 3458 causa
1844 3415 2039 3478 quam
2084 3395 2426 3477 praedictus
2456 3394 2625 3458 Wil-

346 3489 581 3554 lelmus
639 3490 836 3555 habet
894 3511 1087 3574 super
1138 3490 1407 3556 ecclesia
1450 3493 1529 3556 de
1584 3492 1916 3577 Crosseby,
1963 3493 2230 3559 Karliol.
2286 3495 2627 3572 diocese08‚

347 3609 497 3652 cum
547 3571 814 3654 Abbate
865 3596 930 3653 et
984 3590 1182 3655 Conv.
1239 3591 1472 3654 Mon'ii
1520 3591 1599 3655 de
1653 3592 1984 3676 Whiteby,
2031 3595 2105 3658 O.
2160 3594 2218 3658 S.
2271 3595 2626 3672 Benedicti,

347 3689 618 3753 Eboraci
661 3689 1001 3766 dioceseOS‚
1031 3695 1376 3773 postquam
1418 3690 1594 3755 idem
1637 3691 2006 3757 Willelmus
2051 3693 2133 3757 ad
2178 3694 2405 3758 Sedem
2451 3695 2625 3778 Apo-

346 3788 641 3852 stolicam
671 3789 975 3853 veniendi
1004 3790 1129 3854 iter
1157 3791 1444 3874 arripuit,
1474 3791 1665 3874 praed.
1698 3792 2067 3857 Willelmus
2099 3814 2180 3856 ex
2222 3793 2623 3858 habundanti

344 3887 645 3952 exhibuit
703 3888 774 3950 in
826 3888 1073 3971 judicio
1133 3910 1347 3953 coram
1398 3891 1584 3955 nobis
1634 3892 1950 3975 quasdam
2006 3891 2256 3956 litteras
2313 3899 2624 3976 patentes,

349 3987 561 4072 sigillo
592 3987 742 4050 M'ri
771 3987 1031 4052 Thomae
1063 3988 1141 4053 de
1170 3989 1437 4072 FoveyS,
1470 3989 1719 4068 Clerici,
1748 3991 1819 4054 in
1859 3992 2199 4075 praesentia
2230 3997 2445 4056 nostra
2475 4013 2624 4057 con·

345 4086 581 4162 stituti,
612 4085 780 4150 vivae
810 4087 986 4151 vocis
1031 4086 1287 4152 oraculo
1316 4088 1764 4152 testimonium
1806 4089 1940 4153 illis
1983 4089 2190 4154 literis
2229 4091 2625 4174 perhibentis

344 4186 769 4270 procuratoris
813 4185 971 4250 D’ni
1013 4186 1470 4251 Archidiaconi
1516 4187 1805 4266 Karliol„
1835 4195 2027 4273 prout
2070 4190 2150 4253 de
2192 4192 2623 4274 procuratorio

345 4284 660 4362 constitit,
713 4286 1015 4370 signatas,
1062 4287 1134 4349 in
1193 4287 1427 4371 quibus
1486 4288 1658 4352 inter
1716 4288 1842 4352 alia
1901 4289 2351 4354 continebatur
2407 4288 2624 4355 tenor¹

343 4384 706 4448 litterarum
749 4386 1021 4450 Domini
1067 4386 1259 4470 Papae
1305 4407 1420 4469 per
1469 4387 1665 4470 praed.
1713 4387 2067 4472 Religiosos
2112 4390 2194 4453 ad
2240 4388 2509 4455 Karliol.
2558 4397 2624 4454 et

1370 4548 1392 4584 ¹
1428 4551 1595 4603 ωπον).
