3285 5121
637 519 843 585 xxxvi
1258 538 1836 593 m'rnonoc‘rossr
1875 537 2274 591 enarrans.
2383 582 2390 593 .

643 721 898 766 manere
957 703 1310 785 cupientes,
1370 704 1607 787 quibus
1667 724 1783 787 ego
1842 724 2098 787 quoque
2156 702 2540 785 conjunctus
2613 696 2910 761 habitum

639 807 877 865 sanctae
921 802 1265 886 religionis,
1293 803 1419 868 soli
1461 804 1601 867 Deo
1633 823 1858 867 vacare
1901 803 2186 887 cupiens,
2214 802 2336 866 sub
2376 801 2515 884 ejus
2543 794 2911 881 magisterio

640 907 708 964 et
764 901 1049 984 prioratu
1108 902 1178 964 in
1231 902 1455 967 eodem
1505 901 1648 966 loco
1706 903 1980 985 suscepi.
2070 901 2367 965 Evolutis
2411 905 2630 964 autem
2687 894 2911 979 paucis

638 999 884 1077 diebus,
942 1000 1143 1065 totius
1202 1000 1582 1064 Monasterii
1650 1001 2182 1084 procurationem,
2248 999 2600 1081 Renfiidus
2671 992 2912 1077 pariter

639 1099 977 1182 omnisque
1057 1101 1461 1183 congregatio
1518 1100 1726 1182 ipsius
1806 1119 2099 1163 annuens
2169 1098 2439 1162 consilio
2499 1104 2565 1161 et
2619 1092 2912 1177 imperio,

637 1198 800 1261 mihi
859 1199 1323 1280 imposuerunt,
1381 1218 1456 1262 ac
1515 1198 1795 1274 demum,
1855 1199 2069 1262 nescio
2130 1219 2257 1281 quo
2317 1197 2443 1261 Dei
2488 1194 2752 1279 judicio,
2804 1210 2909 1254 me

636 1297 921 1361 invitum
950 1297 1193 1380 diuque
1216 1304 1697 1381 repugnantem,
1727 1304 1863 1362 tam
1893 1297 2083 1380 Regis
2114 1303 2431 1380 praecepto
2462 1315 2655 1378 quam
2678 1290 2911 1355 Archi-

640 1396 1085 1480 episcoporum
1130 1397 1615 1473 venerabilium,
1658 1398 2019 1480 Lauso-anci
2067 1395 2372 1460 videlicet
2420 1392 2911 1467 Cautum-ienae,

644 1497 894 1560 Thmnae
923 1517 1183 1580 quoque
1213 1498 1633 1574 Eboraoemia
1663 1496 2030 1560 obedientia
2058 1495 2380 1559 Abbatem
2410 1493 2535 1558 sibi
2565 1492 2910 1575 elegerunt.

723 1596 986 1660 Electus
1031 1595 1234 1678 igitur
1278 1616 1393 1679 ego
1422 1596 1663 1671 Abbas,
1696 1616 1843 1659 cum
1889 1595 2125 1658 vellem
2166 1592 2383 1657 locum
2427 1592 2616 1654 illum
2659 1589 2914 1653 noviter

633 1695 970 1778 inceptum
1018 1694 1350 1775 nullisque
1401 1714 1615 1756 rerum
1659 1695 2134 1758 mundanarum
2178 1692 2537 1756 redditibus
2586 1690 2912 1765 refertum,

634 1792 991 1856 auxiliante
1023 1793 1325 1868 Domino,
1369 1793 1441 1855 in
1484 1793 1832 1874 pristinum
1877 1792 2185 1856 honorem
2229 1811 2550 1866 renovare,
2579 1795 2913 1871 coeperunt

637 1889 845 1952 multa
888 1890 1155 1953 adversa
1198 1889 1396 1973 hujus
1440 1889 1670 1953 mundi
1714 1898 1936 1954 contra
1979 1911 2084 1953 me
2128 1910 2507 1966 excrescere,
2553 1895 2620 1953 et
2663 1887 2911 1953 deside-

633 1990 805 2052 rium
833 2008 1051 2052 meum
1081 2009 1120 2052 a
1149 1996 1359 2072 coepto
1390 2009 1578 2071 opere
1622 1990 1956 2055 retardare.
2044 1990 2216 2053 Nam
2246 1990 2511 2073 quidam
2548 2010 2630 2053 ex
2658 1988 2912 2051 baroni-

631 2089 754 2151 bus
784 2087 994 2170 regiiS,
1025 2088 1286 2152 nomine
1326 2087 1678 2151 Willelmus
1707 2089 1780 2151 de
1809 2088 2074 2172 Percey}
2091 2089 2205 2172 qui
2233 2087 2448 2153 locum
2477 2089 2693 2172 ipsum
2722 2087 2911 2151 nobis

632 2186 1001 2263 donaverat,
1041 2186 1270 2250 videns
1321 2185 1538 2251 locum
1590 2193 1881 2251 nostrum
1933 2208 2142 2273 nuper
2185 2187 2511 2252 desertum
2560 2188 2633 2250 in
2681 2185 2910 2249 multis

631 2285 973 2363 meliorari,
1015 2286 1225 2349 multa
1268 2286 1553 2361 adversa,
1595 2292 1732 2350 tam
1776 2308 1889 2370 per
1947 2308 2014 2353 se
2084 2308 2282 2371 quam
2339 2308 2454 2371 per
2511 2307 2677 2362 suos,
2721 2286 2910 2349 nobis

631 2385 976 2467 ingerebat,
1030 2405 1105 2449 ac
1149 2386 1305 2449 boni
1348 2386 1672 2468 poenitens
1716 2387 1772 2449 si
1817 2407 1946 2470 quo
1976 2388 2165 2451 modo
2217 2408 2335 2452 nos
2379 2388 2461 2452 ab
2506 2408 2580 2451 eo
2633 2386 2911 2469 effugare

630 2482 836 2566 possit
864 2489 1000 2547 arte
1030 2504 1160 2568 qua
1188 2490 1441 2568 poterat
1481 2484 1829 2549 laborabat.
1915 2486 2017 2549 Ex
2046 2486 2249 2551 altera
2277 2507 2428 2551 vero
2458 2493 2656 2572 parte,
2684 2486 2912 2570 piratae

630 2584 845 2660 maris,
874 2604 949 2647 ac
977 2584 1257 2649 latrones
1288 2585 1583 2669 regionis,
1613 2606 1887 2668 quorum
1917 2587 2123 2650 multo
2147 2594 2304 2652 tunc
2327 2587 2682 2652 habebatur
2710 2586 2913 2668 copia,

631 2681 821 2766 longe
864 2683 1126 2768 lateque
1170 2685 1619 2761 discurrentes,
1665 2685 1850 2749 nobis
1891 2686 2026 2749 vim
2066 2686 2445 2765 inferebant,
2487 2707 2634 2770 quae
2676 2686 2910 2749 habere

632 2789 996 2866 poteramus
1030 2785 1386 2869 rapiebant,
1415 2791 1611 2869 atque
1656 2786 1739 2850 ad
1783 2785 2092 2851 ultimum
2137 2807 2269 2850 una
2311 2792 2500 2850 nocte
2529 2784 2912 2869 conglobati,

632 2883 803 2948 facto
848 2885 1117 2969 impetu,
1162 2906 1384 2950 omnes
1428 2905 1545 2949 nos
1590 2885 1661 2948 in
1692 2885 1911 2969 fugam
1954 2891 2420 2962 convertentes,
2450 2886 2666 2949 omnia
2692 2888 2913 2948 nostra

635 2983 1060 3067 diripuerunt,
1089 3005 1163 3049 ac
1201 2984 1474 3049 sublatis
1519 2985 1837 3060 omnibus,
1867 2984 2178 3065 quosdam
2222 3004 2304 3048 ex
2347 2984 2534 3047 nobis
2578 2989 2799 3067 captos
2829 2983 2911 3047 ad

635 3083 886 3166 ignotas
916 3090 1116 3146 terras
1145 3083 1601 3166 perduxerunt.
1697 3083 1797 3145 Ob
1843 3102 2041 3163 quam
2083 3102 2218 3145 rem
2263 3101 2469 3163 usque
2513 3083 2596 3144 ad
2641 3089 2913 3148 mortem

636 3181 1017 3256 contristati,
1046 3181 1393 3244 imminens
1422 3178 1782 3262 periculum
1827 3179 2047 3261 aliquo
2094 3178 2284 3243 modo
2328 3180 2532 3242 vitare
2562 3182 2913 3264 cupientes,

637 3298 1058 3363 quaecumque
1088 3279 1273 3343 nobis
1305 3277 1576 3340 molesta
1607 3283 1791 3340 erant
1829 3276 1992 3360 Regi
2021 3278 2321 3342 intimare
2351 3278 2767 3357 decrevimus,
2797 3283 2914 3365 qui

636 3378 915 3461 benigno
944 3377 1101 3441 satis
1133 3384 1207 3441 ut
1238 3385 1374 3441 erat
1405 3375 1836 3440 miserationis
1867 3377 2124 3455 affectu,
2151 3378 2644 3444 necessitatibus
2673 3382 2912 3445 nostris

635 3483 894 3561 propter
922 3478 1139 3541 Deum
1169 3475 1581 3560 compatiens,
1611 3482 1984 3560 promptum
2028 3498 2096 3542 se
2135 3499 2212 3543 ac
2255 3478 2695 3544 voluntarium
2724 3480 2911 3544 nobis

637 3576 719 3641 ad
749 3576 1263 3642 subveniendum
1295 3575 1607 3641 exhibuit.
2749 3641 2758 3649 ,

724 3676 881 3740 Erat
905 3696 1052 3740 vero
1071 3697 1203 3740 non
1223 3675 1412 3760 longe
1434 3695 1473 3739 a
1494 3675 1859 3760 Wyttebia²
1880 3677 1951 3741 in
1973 3678 2177 3762 ipsius
2202 3680 2393 3764 Regis
2415 3679 2702 3743 dominio
2730 3679 2910 3742 locus

639 3774 921 3859 quidam,
951 3775 1066 3858 qui
1088 3781 1354 3840 vocatur
1375 3775 1809 3860 Lestingham‚
1830 3784 1973 3841 tum
2004 3779 2314 3844 nimirum
2336 3799 2591 3856 vacans,
2613 3778 2724 3842 sed
2755 3776 2912 3840 olim

640 3875 1093 3939 monachorum
1125 3877 1194 3939 in
1226 3896 1301 3940 eo
1332 3875 1767 3941 habitantium
1797 3878 2165 3961 frequentia
2185 3887 2255 3943 et
2281 3878 2587 3962 religione
2604 3876 2910 3961 egregius.

641 3974 839 4038 Hunc
869 3994 1017 4056 ergo
1061 3973 1292 4051 locum,
1322 3995 1361 4038 a
1391 3975 1563 4059 Rege
1592 3976 1780 4040 nobis
1825 3976 2069 4054 datum,
2100 3978 2415 4060 paulatim
2443 3982 2817 4050 restaurare,
2846 3980 2913 4039 et

640 4093 787 4156 quae
817 4071 1204 4136 habitationi
1224 4074 1614 4138 monachicae
1642 4083 1827 4139 erant
1849 4076 2224 4152 necessaria,
2246 4077 2559 4160 coepimus
2582 4074 2913 4149 aedificare,

640 4171 950 4256 quatinus
969 4170 1215 4236 scilicet
1233 4172 1577 4255 praedictus
1628 4173 2004 4238 Willidmus
2025 4175 2101 4238 dc
2135 4175 2330 4259 Percy
2359 4175 2428 4238 in
2459 4175 2643 4257 cujus
2673 4173 2912 4257 praedio

641 4272 1066 4347 morabamur,
1097 4270 1201 4335 vel
1231 4271 1345 4335 alii
1375 4292 1448 4335 eo
1481 4273 1695 4336 minus
1727 4272 1913 4337 nobis
1943 4271 2210 4338 adversa
2239 4275 2457 4358 aliqua
2487 4274 2721 4339 inferre
2751 4294 2914 4357 prae-

995 4407 1014 4441 ¹
1040 4408 1231 4470 Percei,
1252 4425 1310 4459 as
1330 4408 1441 4460 also
1466 4411 1523 4460 in
1549 4409 1727 4460 future
1754 4425 1899 4460 cases
1922 4411 1978 4461 of
2000 4428 2323 4464 occurrence.

990 4491 1013 4525 ²
1064 4492 1350 4554 Witltcheia,
1376 4509 1434 4542 as
1458 4492 1570 4542 also
1599 4494 1652 4542 in
1679 4493 1858 4544 future
1884 4511 2028 4545 cases
2054 4496 2111 4545 of
2135 4512 2459 4546 occurrence.
