3285 5121
605 565 723 623 154
964 573 1505 626 CARTULARIUM
1545 572 1951 623 ABBATHIAE
1987 572 2085 623 DE
2121 572 2490 623 WHITEBY.

598 737 789 822 praed.
812 738 983 803 Eccl.
1015 738 1095 802 de
1126 739 1408 823 wyteby
1449 738 1519 801 in
1564 737 1850 801 Eboraco
1894 736 2230 801 ecclesiam
2260 736 2448 800 Omn.
2482 736 2863 800 Sanctorum

598 837 681 901 de
731 836 1246 921 Fischeresgate¹
1306 858 1456 902 cum
1514 835 1925 919 pertinentiis
1971 835 2125 912 suis,
2184 840 2252 899 et
2310 855 2532 899 omnes
2590 835 2740 899 t’ras
2798 838 2865 898 et

599 935 893 1000 homines
921 936 991 999 in
1040 936 1260 1000 eadem
1310 936 1575 1000 civitate
1617 934 1923 999 Ecclesiae
1968 934 2029 999 S.
2060 934 2130 999 P.
2161 939 2229 999 et
2257 934 2318 998 S.
2351 934 2435 998 H.
2466 935 2546 998 de
2576 933 2865 1017 Wyteby

595 1035 1009 1118 pertinentes,
1039 1056 1187 1099 cum
1230 1035 1440 1112 socha,
1470 1034 1681 1109 sacha,
1711 1038 1780 1097 et
1823 1033 1965 1097 thol
2008 1041 2073 1098 et
2115 1033 2354 1108 theam,
2382 1039 2450 1097 et
2492 1032 2865 1116 infangene-

597 1134 791 1209 theof,
822 1142 888 1199 et
916 1154 1065 1198 cum
1094 1154 1262 1198 omn.
1292 1134 1499 1198 libert.
1531 1139 1596 1196 et
1627 1153 1796 1197 cons.
1841 1153 2001 1216 quas
2047 1132 2289 1196 habent
2316 1132 2451 1196 t’rae
2479 1139 2547 1196 et
2574 1131 2866 1195 homines

599 1233 660 1297 S.
693 1233 869 1297 Petri
898 1238 965 1297 et
1010 1234 1069 1297 S.
1104 1233 1445 1297 Cuthberti
1463 1230 1489 1270 ²
1517 1233 1588 1295 in
1618 1232 1843 1296 eadem
1873 1231 2137 1296 civitate
2167 1231 2606 1295 consistentes.
2697 1230 2866 1295 Con-

597 1331 883 1396 cedimus
914 1331 1111 1396 etiam
1143 1337 1208 1396 et
1238 1331 1400 1396 conf.
1425 1330 1616 1414 praed.
1649 1330 1955 1396 Ecclesiae
1984 1330 2063 1395 ‹le
2090 1330 2377 1413 Wyteby
2408 1338 2475 1394 et
2516 1329 2757 1392 Abbati
2800 1335 2867 1393 et

597 1430 929 1495 monachis
979 1430 1157 1495 illius
1208 1431 1337 1495 loci
1389 1437 1464 1494 ut
1523 1430 1805 1495 habeant
1851 1436 1919 1495 et
1969 1429 2340 1514 possideant
2383 1429 2456 1493 in
2504 1429 2867 1493 dominium

596 1550 784 1593 suum
818 1550 1040 1594 omnes
1087 1531 1254 1607 t’ras,
1297 1530 1586 1607 forestas,
1615 1549 1895 1607 nemora,
1939 1535 2006 1594 et
2048 1535 2344 1611 pasturas
2388 1529 2527 1591 t’ris
2569 1529 2866 1592 Abbatiae

596 1649 730 1692 suae
773 1631 1189 1713 pertinentes,
1232 1630 1326 1693 ita
1371 1630 1572 1695 libere
1625 1636 1693 1694 et
1741 1629 1979 1713 quiete,
2029 1628 2219 1712 plene
2262 1635 2329 1692 et
2373 1627 2735 1703 honorifice,
2788 1634 2864 1691 ut

597 1727 817 1791 nullus
848 1728 928 1792 de
971 1728 1286 1792 ministris
1315 1730 1553 1793 nostris
1581 1728 1979 1792 intromittat
2007 1748 2076 1791 se
2114 1727 2195 1820 de
2223 1728 2611 1804 nemoribus,
2641 1747 2759 1790 nec
2788 1726 2869 1790 de

593 1827 875 1909 pasturis
919 1826 1226 1891 Ecclesiae
1273 1828 1332 1891 S.
1379 1828 1450 1892 P.
1498 1833 1565 1891 et
1609 1826 1671 1891 S.
1719 1827 1960 1909 Hyldae
2004 1834 2070 1890 et
2089 1826 2116 1865 ³
2156 1825 2399 1889 Abbati
2428 1832 2495 1889 et
2534 1824 2869 1889 monachis

598 1926 1092 2009 pertinentibus,
1143 1946 1263 1990 nec
1303 1927 1690 2009 prohibeant
1733 1946 1839 1991 eos
1892 1927 2098 1990 facere
2143 1925 2499 2008 proficuum
2553 1946 2745 1989 suum
2790 1924 2869 1988 de

598 2024 967 2089 nemoribus
998 2029 1066 2088 et
1108 2026 1391 2106 pasturis
1419 2046 1675 2090 eorum:
1718 2031 1785 2089 et
1828 2024 2110 2088 habeant
2152 2024 2351 2088 libere
2398 2023 2760 2088 forestarios
2803 2029 2871 2087 et

597 2123 926 2186 ministros
970 2143 1118 2187 suos
1162 2122 1244 2187 ad
1295 2144 1555 2187 nemora
1597 2143 1717 2187 sua
1759 2129 1825 2187 et
1875 2130 2169 2206 pasturas
2213 2143 2364 2187 suas
2407 2122 2872 2187 custodiendas.

599 2223 687 2287 Et
715 2222 1128 2306 prohibemus
1158 2243 1239 2286 ne
1270 2223 1506 2305 aliquis
1536 2223 1706 2287 infra
1736 2229 1943 2286 metas
1972 2229 2040 2286 et
2069 2222 2313 2286 divisas
2341 2222 2532 2306 praed.
2564 2222 2871 2286 Ecclesiae

598 2327 666 2386 et
694 2320 973 2385 Abbatis
1003 2328 1069 2385 et
1112 2320 1571 2386 monachorum
1610 2342 1951 2387 commune
2003 2321 2238 2385 habeat
2273 2322 2344 2384 in
2388 2320 2755 2385 nemoribus
2806 2327 2872 2384 et

599 2419 881 2503 pasturis
925 2440 1163 2496 eorum,
1208 2419 1335 2484 nisi
1378 2442 1494 2504 per
1535 2420 1869 2485 licentiam
1912 2440 2149 2485 eorum.
2237 2420 2324 2483 Et
2366 2420 2720 2483 clamamus
2765 2438 2870 2483 eos

601 2519 855 2602 quietos
898 2518 979 2583 de
1008 2518 1228 2584 wastis
1259 2526 1325 2584 et
1355 2519 1614 2584 essartis
1635 2518 1662 2556 ⁴
1693 2524 1758 2584 et
1785 2518 2114 2604 reguardis
2132 2518 2158 2557 ⁶
2202 2519 2470 2584 forestae.
2559 2518 2872 2584 Concedi-

601 2638 748 2683 mus
777 2619 978 2682 etiam
1007 2626 1075 2682 et
1103 2619 1267 2683 conf.
1297 2619 1488 2701 praed.
1520 2619 1827 2684 Ecclesiae
1871 2639 2092 2683 omnes
2136 2619 2512 2682 donationes
2555 2624 2623 2682 et
2664 2619 2872 2683 libert.

601 2723 668 2782 et
707 2723 992 2782 consuet.
1025 2738 1185 2801 quas
1231 2718 1601 2783 Willelmus
1647 2721 1806 2796 Rex,
1852 2719 2095 2782 abavus
2141 2725 2372 2795 noster,
2402 2724 2469 2782 et
2500 2718 2872 2782 Willelmus

605 2816 764 2892 Rex,
793 2816 967 2881 filius
1013 2818 1170 2900 ejus,
1201 2825 1266 2882 et
1310 2818 1635 2882 Henricus
1683 2820 1840 2894 Rex,
1871 2837 2150 2901 proavus
2180 2825 2416 2894 noster,
2446 2823 2513 2881 et
2555 2816 2875 2901 gloriosus

606 2916 748 2980 Rex
777 2915 1118 2992 Henricus,
1147 2923 1329 2999 pater
1358 2926 1592 2994 noster,
1621 2917 1834 2982 eidem
1864 2916 2034 2981 Eccl.
2067 2916 2381 2981 dederunt
2411 2924 2477 2981 et
2506 2916 2701 2980 cartis
2738 2917 2876 2980 suis

610 3014 1163 3080 confirmaverunt.
1255 3017 1499 3081 Omnes
1542 3037 1694 3080 vero
1748 3016 2126 3081 donationes
2170 3016 2490 3080 willelmi
2541 3016 2621 3080 de
2675 3016 2875 3093 Perci,

605 3113 991 3178 Fundatoris
1012 3113 1204 3197 praed.
1231 3115 1542 3190 Abbatiae,
1554 3121 1619 3179 et
1636 3115 1834 3179 Alani
1859 3114 1937 3178 de
1961 3114 2289 3189 Perci,filii
2312 3115 2471 3196 ejus,
2483 3123 2548 3180 et
2558 3115 2876 3179 Winelmi

607 3212 688 3275 de
743 3213 944 3288 Perci,
993 3213 1112 3275 filii
1163 3212 1378 3290 Alani,
1424 3220 1491 3276 ct
1533 3214 1811 3277 aliorum
1853 3214 2309 3276 advocatorum
2370 3233 2650 3290 suorum,
2704 3215 2878 3278 unde

605 3310 845 3373 habent
874 3319 1083 3374 cartas
1113 3332 1350 3387 eorum,
1381 3319 1446 3375 et
1477 3311 1640 3375 (luas
1671 3317 2030 3375 carrucatas
2061 3312 2194 3374 t’rae
2224 3312 2294 3373 in
2326 3310 2783 3388 Hachenesse,⁶
2811 3322 2879 3377 et

606 3413 882 3491 quatuor
910 3409 981 3472 in
1009 3409 1074 3471 N
1077 3409 1400 3486 orthfeld‚⁷
1423 3418 1489 3474 et
1518 3409 1680 3474 duas
1711 3411 1779 3472 in
1812 3406 2312 3491 Brinnigstona,8
2341 3429 2490 3471 cum
2532 3415 2688 3492 pert.
2721 3411 2879 3487 suis,

606 3505 747 3569 sine
777 3506 951 3568 omni
997 3506 1203 3589 geldo,
1232 3509 1642 3572 concedimus
1688 3508 1780 3571 eis
1825 3515 1891 3571 et
1933 3507 2097 3570 conf.
2143 3506 2214 3569 in
2258 3504 2440 3570 elem.
2483 3511 2878 3589 perpetuam.

609 3603 820 3679 Quare
875 3603 1174 3668 volumus
1233 3610 1299 3668 et
1345 3605 1612 3669 firmiter
1663 3604 2071 3688 praecipimus
2122 3610 2198 3667 ut
2248 3604 2412 3668 bene
2469 3612 2537 3669 et
2584 3606 2658 3669 in
2703 3627 2880 3690 pace,

605 3701 807 3765 libere
838 3709 903 3765 et
955 3701 1300 3767 honorifice
1346 3709 1412 3767 et
1464 3704 1684 3788 quiete
1727 3711 1990 3768 teneant
2035 3702 2333 3767 ecclesias
2377 3709 2444 3767 et
2487 3704 2769 3769 decimas
2813 3713 2881 3769 et

608 3808 808 3864 terras
860 3821 1029 3877 suas,
1056 3802 1126 3864 in
1179 3802 1372 3867 bosco
1420 3810 1486 3868 et
1539 3803 1679 3888 (50)
1726 3804 1937 3887 plan0‚
1982 3803 2054 3866 in
2103 3803 2304 3886 pratis
2352 3809 2418 3868 et
2459 3805 2760 3888 pasturis,
2809 3805 2879 3868 in

610 3900 795 3984 aquis
839 3906 906 3965 et
948 3901 1354 3978 molendinis,
1399 3903 1470 3967 in
1513 3902 1848 3968 mariscis⁹
1892 3910 1959 3967 et
2003 3903 2337 3978 vivariis‚¹⁰
2367 3904 2438 3966 in
2479 3905 2771 3987 piscariis
2815 3910 2883 3968 et

612 4000 893 4065 exclusis
946 4002 1210 4086 stagniS‚
1254 4002 1424 4067 infra
1473 4004 1749 4088 burgum
1794 4011 1860 4068 et
1903 4009 2101 4078 extra,
2147 4003 2218 4065 in
2261 4003 2416 4068 foris
2462 4010 2528 4068 et
2570 4004 2765 4081 feriis,
2809 4005 2879 4067 in

707 4176 725 4208 ¹
766 4176 840 4227 M.
867 4177 1248 4244 Fischer-agate.
1950 4176 1972 4210 ²
2009 4179 2084 4232 Μ.
2112 4178 2384 4230 Cudberti.

705 4257 728 4291 ³
764 4258 837 4310 M.
866 4261 1025 4311 omits
1054 4261 1164 4312 this
1191 4266 1223 4290 “
1241 4261 1344 4312 et.''
1949 4260 1970 4294 ⁴
2006 4262 2206 4313 Ellam.
2281 4262 2356 4313 M.
2384 4263 2615 4314 assartis.

705 4340 729 4374 ⁵
768 4343 842 4394 Μ.
871 4344 1118 4410 regar-dis.
1941 4344 1965 4377 ⁰
2002 4346 2076 4399 M.
2106 4344 2403 4398 Hachcncs.

704 4423 725 4457 ⁷
763 4425 836 4476 M.
870 4426 1109 4478 Nodfeld.
1949 4427 1969 4460 '³
2006 4428 2078 4478 M.
2110 4427 2508 4494 Brinnigeston'.

701 4505 724 4537 ⁹
762 4511 1000 4561 mariciis.
1930 4511 1970 4543 ¹⁰
2010 4513 2251 4562 wiuariis.
