<?xml version="1.0" encoding="UTF-8"?>
<!DOCTYPE html PUBLIC "-//W3C//DTD XHTML 1.0 Transitional//EN"
    "http://www.w3.org/TR/xhtml1/DTD/xhtml1-transitional.dtd">
<html xmlns="http://www.w3.org/1999/xhtml" xml:lang="en" lang="en">
 <head>
  <title>
</title>
<meta http-equiv="Content-Type" content="text/html;charset=utf-8" />
  <meta name='ocr-system' content='tesseract 3.04.00' />
  <meta name='ocr-capabilities' content='ocr_page ocr_carea ocr_par ocr_line ocrx_word'/>
</head>
<body>
  <div class='ocr_page' id='page_1' title='image "./cartulariumabba01atkigoog_0113.png"; bbox 0 0 3285 5121; ppageno 0'>
   <div class='ocr_carea' id='block_1_1' title="bbox 710 604 2610 663">
    <p class='ocr_par' dir='ltr' id='par_1_1' title="bbox 710 604 2610 663">
     <span class='ocr_line' id='line_1_1' title="bbox 710 604 2610 663; baseline -0.001 0"><span class='ocrx_word' id='word_1_1' title='bbox 710 610 1259 663; x_wconf 79' lang='lat' dir='ltr'>CARTULARIUM</span> <span class='ocrx_word' id='word_1_2' title='bbox 1290 609 1696 661; x_wconf 79' lang='lat' dir='ltr'><strong>ABBATHIAE</strong></span> <span class='ocrx_word' id='word_1_3' title='bbox 1732 610 1831 661; x_wconf 78' lang='lat' dir='ltr'>DE</span> <span class='ocrx_word' id='word_1_4' title='bbox 1862 610 2237 663; x_wconf 80' lang='lat' dir='ltr'>WHITEBY.</span> <span class='ocrx_word' id='word_1_5' title='bbox 2535 604 2610 662; x_wconf 83' lang='lat'>17</span> 
     </span>
    </p>
   </div>
   <div class='ocr_carea' id='block_1_2' title="bbox 334 772 2947 1307">
    <p class='ocr_par' dir='ltr' id='par_1_2' title="bbox 334 772 2947 1307">
     <span class='ocr_line' id='line_1_2' title="bbox 334 772 2615 860; baseline 0.003 -24"><span class='ocrx_word' id='word_1_6' title='bbox 334 772 573 852; x_wconf 79' lang='lat' dir='ltr'>nalem,</span> <span class='ocrx_word' id='word_1_7' title='bbox 624 780 692 838; x_wconf 88' lang='lat' dir='ltr'>et</span> <span class='ocrx_word' id='word_1_8' title='bbox 742 776 927 838; x_wconf 83' lang='lat' dir='ltr'>t&#39;ram</span> <span class='ocrx_word' id='word_1_9' title='bbox 976 777 1023 840; x_wconf 85' lang='lat' dir='ltr'><strong>J</strong></span> <span class='ocrx_word' id='word_1_10' title='bbox 1027 775 1296 839; x_wconf 85' lang='lat' dir='ltr'>ohannis</span> <span class='ocrx_word' id='word_1_11' title='bbox 1356 774 1514 850; x_wconf 88' lang='lat' dir='ltr'>Pok,</span> <span class='ocrx_word' id='word_1_12' title='bbox 1565 794 1790 839; x_wconf 87' lang='lat' dir='ltr'>versus</span> <span class='ocrx_word' id='word_1_13' title='bbox 1846 780 2097 859; x_wconf 79' lang='lat' dir='ltr'>partem</span> <span class='ocrx_word' id='word_1_14' title='bbox 2148 777 2615 860; x_wconf 82' lang='lat' dir='ltr'>aquilonalem3</span> 
     </span>
     <span class='ocr_line' id='line_1_3' title="bbox 339 874 2616 958; baseline 0.002 -22"><span class='ocrx_word' id='word_1_15' title='bbox 339 874 491 939; x_wconf 90' lang='lat' dir='ltr'>Ten.</span> <span class='ocrx_word' id='word_1_16' title='bbox 523 881 590 938; x_wconf 86' lang='lat' dir='ltr'>et</span> <span class='ocrx_word' id='word_1_17' title='bbox 631 875 777 938; x_wconf 82' lang='lat' dir='ltr'>hab.</span> <span class='ocrx_word' id='word_1_18' title='bbox 808 875 1001 958; x_wconf 84' lang='lat' dir='ltr'>praed.</span> <span class='ocrx_word' id='word_1_19' title='bbox 1031 874 1415 952; x_wconf 81' lang='lat' dir='ltr'>Alexandro,</span> <span class='ocrx_word' id='word_1_20' title='bbox 1445 876 1490 939; x_wconf 87' lang='lat' dir='ltr'><strong>J</strong></span> <span class='ocrx_word' id='word_1_21' title='bbox 1493 874 1730 939; x_wconf 84' lang='lat' dir='ltr'>ulianae</span> <span class='ocrx_word' id='word_1_22' title='bbox 1758 880 1826 940; x_wconf 84' lang='lat' dir='ltr'>et</span> <span class='ocrx_word' id='word_1_23' title='bbox 1854 895 2073 939; x_wconf 87' lang='lat' dir='ltr'>eorum</span> <span class='ocrx_word' id='word_1_24' title='bbox 2101 875 2480 955; x_wconf 68' lang='lat' dir='ltr'>haeredibus,</span> <span class='ocrx_word' id='word_1_25' title='bbox 2508 878 2616 943; x_wconf 86' lang='lat' dir='ltr'>vel</span> 
     </span>
     <span class='ocr_line' id='line_1_4' title="bbox 336 973 2616 1058; baseline 0.002 -21"><span class='ocrx_word' id='word_1_26' title='bbox 336 993 563 1037; x_wconf 88' lang='lat' dir='ltr'>eorum</span> <span class='ocrx_word' id='word_1_27' title='bbox 605 973 1014 1057; x_wconf 81' lang='lat' dir='ltr'>assingnatis,</span> <span class='ocrx_word' id='word_1_28' title='bbox 1042 973 1115 1037; x_wconf 92' lang='lat' dir='ltr'>in</span> <span class='ocrx_word' id='word_1_29' title='bbox 1156 994 1354 1058; x_wconf 69' lang='lat' dir='ltr'>perp„</span> <span class='ocrx_word' id='word_1_30' title='bbox 1382 976 1453 1037; x_wconf 92' lang='lat' dir='ltr'>in</span> <span class='ocrx_word' id='word_1_31' title='bbox 1483 973 1669 1038; x_wconf 91' lang='lat' dir='ltr'>feodo</span> <span class='ocrx_word' id='word_1_32' title='bbox 1700 980 1766 1039; x_wconf 83' lang='lat' dir='ltr'>et</span> <span class='ocrx_word' id='word_1_33' title='bbox 1793 974 2185 1051; x_wconf 81' lang='lat' dir='ltr'>haereditate,</span> <span class='ocrx_word' id='word_1_34' title='bbox 2214 973 2294 1039; x_wconf 89' lang='lat' dir='ltr'>de</span> <span class='ocrx_word' id='word_1_35' title='bbox 2323 977 2509 1040; x_wconf 92' lang='lat' dir='ltr'>nobis</span> <span class='ocrx_word' id='word_1_36' title='bbox 2549 982 2616 1041; x_wconf 87' lang='lat' dir='ltr'>et</span> 
     </span>
     <span class='ocr_line' id='line_1_5' title="bbox 338 1072 2616 1159; baseline 0.002 -23"><span class='ocrx_word' id='word_1_37' title='bbox 338 1072 493 1137; x_wconf 77' lang='lat' dir='ltr'>haer.</span> <span class='ocrx_word' id='word_1_38' title='bbox 524 1073 777 1150; x_wconf 84' lang='lat' dir='ltr'>nostris,</span> <span class='ocrx_word' id='word_1_39' title='bbox 805 1074 913 1138; x_wconf 85' lang='lat' dir='ltr'>vel</span> <span class='ocrx_word' id='word_1_40' title='bbox 954 1073 1317 1157; x_wconf 48' lang='lat' dir='ltr'>assignati&amp;</span> <span class='ocrx_word' id='word_1_41' title='bbox 1345 1073 1564 1151; x_wconf 88' lang='lat' dir='ltr'>libere,</span> <span class='ocrx_word' id='word_1_42' title='bbox 1592 1073 1829 1157; x_wconf 86' lang='lat' dir='ltr'>quiete,</span> <span class='ocrx_word' id='word_1_43' title='bbox 1859 1074 2104 1158; x_wconf 82' lang='lat' dir='ltr'>integre</span> <span class='ocrx_word' id='word_1_44' title='bbox 2147 1080 2214 1138; x_wconf 85' lang='lat' dir='ltr'>et</span> <span class='ocrx_word' id='word_1_45' title='bbox 2256 1074 2329 1138; x_wconf 93' lang='lat' dir='ltr'>in</span> <span class='ocrx_word' id='word_1_46' title='bbox 2370 1096 2616 1159; x_wconf 78' lang='lat' dir='ltr'>pace—</span> 
     </span>
     <span class='ocr_line' id='line_1_6' title="bbox 335 1172 2947 1307; baseline 0.001 -71"><span class='ocrx_word' id='word_1_47' title='bbox 335 1172 691 1236; x_wconf 86' lang='lat' dir='ltr'>Reddendo</span> <span class='ocrx_word' id='word_1_48' title='bbox 709 1173 862 1237; x_wconf 92' lang='lat' dir='ltr'>inde</span> <span class='ocrx_word' id='word_1_49' title='bbox 885 1174 1224 1238; x_wconf 77' lang='lat' dir='ltr'><strong>annuatim</strong></span> <span class='ocrx_word' id='word_1_50' title='bbox 1244 1173 1431 1237; x_wconf 90' lang='lat' dir='ltr'>nobis</span> <span class='ocrx_word' id='word_1_51' title='bbox 1455 1180 1520 1238; x_wconf 88' lang='lat' dir='ltr'>et</span> <span class='ocrx_word' id='word_1_52' title='bbox 1542 1173 1690 1237; x_wconf 87' lang='lat' dir='ltr'>haer.</span> <span class='ocrx_word' id='word_1_53' title='bbox 1711 1174 1964 1251; x_wconf 83' lang='lat' dir='ltr'>nostris,</span> <span class='ocrx_word' id='word_1_54' title='bbox 1983 1174 2091 1238; x_wconf 88' lang='lat' dir='ltr'>vel</span> <span class='ocrx_word' id='word_1_55' title='bbox 2110 1175 2350 1239; x_wconf 87' lang='lat' dir='ltr'>nostris</span> <span class='ocrx_word' id='word_1_56' title='bbox 2372 1176 2615 1260; x_wconf 67' lang='lat' dir='ltr'>ussing-</span> <span class='ocrx_word' id='word_1_57' title='bbox 2639 1199 2947 1307; x_wconf 45' lang='lat' dir='ltr'>mausz.</span> 
     </span>
    </p>
   </div>
   <div class='ocr_carea' id='block_1_3' title="bbox 340 1353 2907 1482">
    <p class='ocr_par' dir='ltr' id='par_1_3' title="bbox 340 1353 2907 1482">
     <span class='ocr_line' id='line_1_7' title="bbox 340 1353 2907 1482; baseline 0.002 -47"><span class='ocrx_word' id='word_1_58' title='bbox 340 1378 583 1435; x_wconf 89' lang='lat' dir='ltr'>costem</span> <span class='ocrx_word' id='word_1_59' title='bbox 627 1377 696 1436; x_wconf 82' lang='lat' dir='ltr'>et</span> <span class='ocrx_word' id='word_1_60' title='bbox 738 1371 932 1436; x_wconf 77' lang='lat' dir='ltr'>aliam</span> <span class='ocrx_word' id='word_1_61' title='bbox 961 1372 1127 1437; x_wconf 90' lang='lat' dir='ltr'>med.</span> <span class='ocrx_word' id='word_1_62' title='bbox 1159 1371 1240 1436; x_wconf 83' lang='lat' dir='ltr'>ad</span> <span class='ocrx_word' id='word_1_63' title='bbox 1270 1372 1510 1436; x_wconf 87' lang='lat' dir='ltr'>festum</span> <span class='ocrx_word' id='word_1_64' title='bbox 1540 1373 1600 1437; x_wconf 89' lang='lat' dir='ltr'>S.</span> <span class='ocrx_word' id='word_1_65' title='bbox 1634 1372 1908 1436; x_wconf 82' lang='lat' dir='ltr'>Martini</span> <span class='ocrx_word' id='word_1_66' title='bbox 1935 1373 2009 1435; x_wconf 93' lang='lat' dir='ltr'>in</span> <span class='ocrx_word' id='word_1_67' title='bbox 2035 1372 2305 1457; x_wconf 84' lang='lat' dir='ltr'>hyeme3</span> <span class='ocrx_word' id='word_1_68' title='bbox 2348 1380 2416 1438; x_wconf 83' lang='lat' dir='ltr'>et</span> <span class='ocrx_word' id='word_1_69' title='bbox 2443 1374 2612 1438; x_wconf 83' lang='lat' dir='ltr'>Prae-</span> <span class='ocrx_word' id='word_1_70' title='bbox 2635 1353 2907 1482; x_wconf 47' lang='lat' dir='ltr'>ssffim</span> 
     </span>
    </p>
   </div>
   <div class='ocr_carea' id='block_1_4' title="bbox 340 1471 2901 1557">
    <p class='ocr_par' dir='ltr' id='par_1_4' title="bbox 340 1471 2901 1557">
     <span class='ocr_line' id='line_1_8' title="bbox 340 1471 2901 1557; baseline 0.002 -22"><span class='ocrx_word' id='word_1_71' title='bbox 340 1471 587 1536; x_wconf 90' lang='lat' dir='ltr'>centori</span> <span class='ocrx_word' id='word_1_72' title='bbox 616 1471 1032 1536; x_wconf 80' lang='lat' dir='ltr'>conventuali</span> <span class='ocrx_word' id='word_1_73' title='bbox 1059 1471 1367 1536; x_wconf 85' lang='lat' dir='ltr'>Ecclesiae</span> <span class='ocrx_word' id='word_1_74' title='bbox 1398 1472 1461 1536; x_wconf 90' lang='lat' dir='ltr'>S.</span> <span class='ocrx_word' id='word_1_75' title='bbox 1491 1472 1670 1537; x_wconf 84' lang='lat' dir='ltr'>Petri</span> <span class='ocrx_word' id='word_1_76' title='bbox 1698 1472 1779 1536; x_wconf 92' lang='lat' dir='ltr'>de</span> <span class='ocrx_word' id='word_1_77' title='bbox 1810 1472 2141 1555; x_wconf 82' lang='lat' dir='ltr'>Whiteby,</span> <span class='ocrx_word' id='word_1_78' title='bbox 2162 1473 2276 1556; x_wconf 89' lang='lat' dir='ltr'>qui</span> <span class='ocrx_word' id='word_1_79' title='bbox 2306 1494 2419 1557; x_wconf 94' lang='lat' dir='ltr'>pro</span> <span class='ocrx_word' id='word_1_80' title='bbox 2449 1479 2612 1538; x_wconf 87' lang='lat' dir='ltr'>tem·</span> <span class='ocrx_word' id='word_1_81' title='bbox 2637 1494 2780 1552; x_wconf 67' lang='lat' dir='ltr'>heire,</span> <span class='ocrx_word' id='word_1_82' title='bbox 2805 1494 2901 1541; x_wconf 73' lang='lat' dir='ltr'>and</span> 
     </span>
    </p>
   </div>
   <div class='ocr_carea' id='block_1_5' title="bbox 339 1553 2949 1659">
    <p class='ocr_par' dir='ltr' id='par_1_5' title="bbox 339 1553 2949 1659">
     <span class='ocr_line' id='line_1_9' title="bbox 339 1553 2949 1659; baseline 0.004 -26"><span class='ocrx_word' id='word_1_83' title='bbox 339 1591 495 1655; x_wconf 92' lang='lat' dir='ltr'>pore</span> <span class='ocrx_word' id='word_1_84' title='bbox 526 1571 738 1648; x_wconf 85' lang='lat' dir='ltr'>fuerit,</span> <span class='ocrx_word' id='word_1_85' title='bbox 765 1572 860 1655; x_wconf 90' lang='lat'>(3)</span> <span class='ocrx_word' id='word_1_86' title='bbox 893 1572 1232 1636; x_wconf 85' lang='lat' dir='ltr'>duodecim</span> <span class='ocrx_word' id='word_1_87' title='bbox 1262 1570 1556 1636; x_wconf 81' lang='lat' dir='ltr'>denarios</span> <span class='ocrx_word' id='word_1_88' title='bbox 1585 1571 1831 1636; x_wconf 88' lang='lat' dir='ltr'>eisdem</span> <span class='ocrx_word' id='word_1_89' title='bbox 1853 1573 2184 1652; x_wconf 75' lang='lat' dir='ltr'>termini53</span> <span class='ocrx_word' id='word_1_90' title='bbox 2223 1580 2290 1638; x_wconf 90' lang='lat' dir='ltr'>et</span> <span class='ocrx_word' id='word_1_91' title='bbox 2319 1574 2612 1639; x_wconf 80' lang='lat' dir='ltr'>faciendo</span> <span class='ocrx_word' id='word_1_92' title='bbox 2636 1553 2949 1659; x_wconf 48' lang='lat' dir='ltr'>ffiefftotrm</span> 
     </span>
    </p>
   </div>
   <div class='ocr_carea' id='block_1_6' title="bbox 339 1669 2947 1778">
    <p class='ocr_par' dir='ltr' id='par_1_6' title="bbox 339 1669 2947 1778">
     <span class='ocr_line' id='line_1_10' title="bbox 339 1669 2947 1778; baseline 0.002 -45"><span class='ocrx_word' id='word_1_93' title='bbox 339 1669 494 1734; x_wconf 89' lang='lat' dir='ltr'>inde</span> <span class='ocrx_word' id='word_1_94' title='bbox 523 1671 900 1755; x_wconf 79' lang='lat' dir='ltr'>burgagium</span> <span class='ocrx_word' id='word_1_95' title='bbox 929 1670 1199 1734; x_wconf 87' lang='lat' dir='ltr'>Domini</span> <span class='ocrx_word' id='word_1_96' title='bbox 1226 1670 1504 1735; x_wconf 81' lang='lat' dir='ltr'>Abbatis</span> <span class='ocrx_word' id='word_1_97' title='bbox 1535 1671 1613 1734; x_wconf 90' lang='lat' dir='ltr'>de</span> <span class='ocrx_word' id='word_1_98' title='bbox 1635 1671 1964 1754; x_wconf 85' lang='lat' dir='ltr'>Whiteby,</span> <span class='ocrx_word' id='word_1_99' title='bbox 1987 1678 2305 1754; x_wconf 85' lang='lat' dir='ltr'>quantum</span> <span class='ocrx_word' id='word_1_100' title='bbox 2335 1672 2616 1757; x_wconf 79' lang='lat' dir='ltr'>pertinet</span> <span class='ocrx_word' id='word_1_101' title='bbox 2639 1671 2947 1778; x_wconf 50' lang='lat' dir='ltr'>‘f&#39;grffliiffm</span> 
     </span>
    </p>
   </div>
   <div class='ocr_carea' id='block_1_7' title="bbox 339 1768 2917 1855">
    <p class='ocr_par' dir='ltr' id='par_1_7' title="bbox 339 1768 2917 1855">
     <span class='ocr_line' id='line_1_11' title="bbox 339 1768 2917 1855; baseline 0.002 -22"><span class='ocrx_word' id='word_1_102' title='bbox 339 1768 426 1833; x_wconf 77' lang='lat' dir='ltr'>ad</span> <span class='ocrx_word' id='word_1_103' title='bbox 455 1769 607 1834; x_wconf 91' lang='lat' dir='ltr'>dim.</span> <span class='ocrx_word' id='word_1_104' title='bbox 638 1771 876 1834; x_wconf 83' lang='lat' dir='ltr'>toftum</span> <span class='ocrx_word' id='word_1_105' title='bbox 904 1772 1038 1835; x_wconf 84' lang='lat' dir='ltr'>t’rae</span> <span class='ocrx_word' id='word_1_106' title='bbox 1076 1770 1147 1833; x_wconf 93' lang='lat' dir='ltr'>in</span> <span class='ocrx_word' id='word_1_107' title='bbox 1187 1770 1412 1835; x_wconf 82' lang='lat' dir='ltr'>eadem</span> <span class='ocrx_word' id='word_1_108' title='bbox 1440 1770 1619 1847; x_wconf 82' lang='lat' dir='ltr'>villa,</span> <span class='ocrx_word' id='word_1_109' title='bbox 1649 1792 1763 1855; x_wconf 91' lang='lat' dir='ltr'>pro</span> <span class='ocrx_word' id='word_1_110' title='bbox 1794 1772 1971 1835; x_wconf 88' lang='lat' dir='ltr'>omni</span> <span class='ocrx_word' id='word_1_111' title='bbox 2016 1772 2279 1837; x_wconf 86' lang='lat' dir='ltr'>servitio</span> <span class='ocrx_word' id='word_1_112' title='bbox 2308 1772 2615 1851; x_wconf 81' lang='lat' dir='ltr'>saeculan,</span> <span class='ocrx_word' id='word_1_113' title='bbox 2639 1790 2795 1850; x_wconf 82' lang='lat' dir='ltr'>being.</span> <span class='ocrx_word' id='word_1_114' title='bbox 2820 1791 2917 1837; x_wconf 73' lang='lat' dir='ltr'>and</span> 
     </span>
    </p>
   </div>
   <div class='ocr_carea' id='block_1_8' title="bbox 340 1850 2893 1981">
    <p class='ocr_par' dir='ltr' id='par_1_8' title="bbox 340 1850 2893 1981">
     <span class='ocr_line' id='line_1_12' title="bbox 340 1850 2893 1981; baseline 0.003 -49"><span class='ocrx_word' id='word_1_115' title='bbox 340 1870 827 1947; x_wconf 88' lang='lat' dir='ltr'>consuetudine,</span> <span class='ocrx_word' id='word_1_116' title='bbox 857 1875 923 1935; x_wconf 86' lang='lat' dir='ltr'>et</span> <span class='ocrx_word' id='word_1_117' title='bbox 951 1869 1282 1934; x_wconf 80' lang='lat' dir='ltr'>demanda.</span> <span class='ocrx_word' id='word_1_118' title='bbox 1356 1870 1494 1935; x_wconf 88' lang='lat' dir='ltr'>Nos</span> <span class='ocrx_word' id='word_1_119' title='bbox 1524 1891 1692 1948; x_wconf 80' lang='lat' dir='ltr'>vem,</span> <span class='ocrx_word' id='word_1_120' title='bbox 1709 1870 2002 1947; x_wconf 81' lang='lat' dir='ltr'>Thomas,</span> <span class='ocrx_word' id='word_1_121' title='bbox 2031 1873 2337 1949; x_wconf 80' lang='lat' dir='ltr'>Andreas,</span> <span class='ocrx_word' id='word_1_122' title='bbox 2369 1879 2435 1937; x_wconf 88' lang='lat' dir='ltr'>et</span> <span class='ocrx_word' id='word_1_123' title='bbox 2464 1872 2610 1938; x_wconf 87' lang='lat' dir='ltr'>haer.</span> <span class='ocrx_word' id='word_1_124' title='bbox 2637 1850 2893 1981; x_wconf 42' lang='lat' dir='ltr'>ssffgssg</span> 
     </span>
    </p>
   </div>
   <div class='ocr_carea' id='block_1_9' title="bbox 342 1968 2922 2075">
    <p class='ocr_par' dir='ltr' id='par_1_9' title="bbox 342 1968 2922 2075">
     <span class='ocr_line' id='line_1_13' title="bbox 342 1968 2922 2075; baseline 0.005 -44"><span class='ocrx_word' id='word_1_125' title='bbox 342 1968 564 2046; x_wconf 86' lang='lat' dir='ltr'>nostri,</span> <span class='ocrx_word' id='word_1_126' title='bbox 616 1969 722 2033; x_wconf 88' lang='lat' dir='ltr'>vel</span> <span class='ocrx_word' id='word_1_127' title='bbox 765 1969 1137 2054; x_wconf 81' lang='lat' dir='ltr'>assingnati,</span> <span class='ocrx_word' id='word_1_128' title='bbox 1188 1968 1381 2053; x_wconf 84' lang='lat' dir='ltr'>praed.</span> <span class='ocrx_word' id='word_1_129' title='bbox 1434 1970 1586 2036; x_wconf 91' lang='lat' dir='ltr'>dim.</span> <span class='ocrx_word' id='word_1_130' title='bbox 1638 1971 1878 2035; x_wconf 83' lang='lat' dir='ltr'>toftum</span> <span class='ocrx_word' id='word_1_131' title='bbox 1926 1973 2061 2035; x_wconf 84' lang='lat' dir='ltr'>t’rae</span> <span class='ocrx_word' id='word_1_132' title='bbox 2113 1992 2263 2036; x_wconf 92' lang='lat' dir='ltr'>cum</span> <span class='ocrx_word' id='word_1_133' title='bbox 2306 1973 2611 2051; x_wconf 68' lang='lat' dir='ltr'>aedificiis,</span> <span class='ocrx_word' id='word_1_134' title='bbox 2635 1971 2922 2075; x_wconf 44' lang='lat' dir='ltr'>ffifssffit·</span> 
     </span>
    </p>
   </div>
   <div class='ocr_carea' id='block_1_10' title="bbox 340 2068 2614 2850">
    <p class='ocr_par' dir='ltr' id='par_1_10' title="bbox 340 2068 2614 2850">
     <span class='ocr_line' id='line_1_14' title="bbox 340 2068 2612 2154; baseline 0.003 -24"><span class='ocrx_word' id='word_1_135' title='bbox 340 2068 751 2151; x_wconf 82' lang='lat' dir='ltr'>pertinentiis</span> <span class='ocrx_word' id='word_1_136' title='bbox 796 2069 929 2133; x_wconf 91' lang='lat' dir='ltr'>suis</span> <span class='ocrx_word' id='word_1_137' title='bbox 974 2074 1041 2133; x_wconf 88' lang='lat' dir='ltr'>et</span> <span class='ocrx_word' id='word_1_138' title='bbox 1083 2068 1475 2147; x_wconf 73' lang='lat' dir='ltr'>asiamentiS,</span> <span class='ocrx_word' id='word_1_139' title='bbox 1516 2070 1844 2154; x_wconf 71' lang='lat' dir='ltr'>praedictis</span> <span class='ocrx_word' id='word_1_140' title='bbox 1886 2070 2277 2150; x_wconf 80' lang='lat' dir='ltr'>Alexandm,</span> <span class='ocrx_word' id='word_1_141' title='bbox 2329 2074 2374 2137; x_wconf 87' lang='lat' dir='ltr'><strong>J</strong></span> <span class='ocrx_word' id='word_1_142' title='bbox 2377 2073 2612 2137; x_wconf 85' lang='lat' dir='ltr'>ulianae</span> 
     </span>
     <span class='ocr_line' id='line_1_15' title="bbox 340 2167 2612 2254; baseline 0.003 -24"><span class='ocrx_word' id='word_1_143' title='bbox 340 2172 409 2230; x_wconf 92' lang='lat' dir='ltr'>et</span> <span class='ocrx_word' id='word_1_144' title='bbox 451 2187 670 2231; x_wconf 88' lang='lat' dir='ltr'>eorum</span> <span class='ocrx_word' id='word_1_145' title='bbox 714 2167 883 2246; x_wconf 71' lang='lat' dir='ltr'>haer„</span> <span class='ocrx_word' id='word_1_146' title='bbox 912 2168 1018 2232; x_wconf 89' lang='lat' dir='ltr'>vel</span> <span class='ocrx_word' id='word_1_147' title='bbox 1062 2187 1281 2232; x_wconf 86' lang='lat' dir='ltr'>eorum</span> <span class='ocrx_word' id='word_1_148' title='bbox 1324 2188 1463 2246; x_wconf 73' lang='lat' dir='ltr'>ass„</span> <span class='ocrx_word' id='word_1_149' title='bbox 1492 2189 1543 2233; x_wconf 92' lang='lat' dir='ltr'>c.</span> <span class='ocrx_word' id='word_1_150' title='bbox 1575 2191 1628 2234; x_wconf 92' lang='lat' dir='ltr'>o.</span> <span class='ocrx_word' id='word_1_151' title='bbox 1660 2169 1721 2234; x_wconf 88' lang='lat' dir='ltr'>h.</span> <span class='ocrx_word' id='word_1_152' title='bbox 1754 2176 1820 2233; x_wconf 83' lang='lat' dir='ltr'>et</span> <span class='ocrx_word' id='word_1_153' title='bbox 1848 2169 1890 2236; x_wconf 88' lang='lat' dir='ltr'>f.</span> <span class='ocrx_word' id='word_1_154' title='bbox 1918 2171 1990 2234; x_wconf 93' lang='lat' dir='ltr'>in</span> <span class='ocrx_word' id='word_1_155' title='bbox 2033 2192 2207 2254; x_wconf 87' lang='lat' dir='ltr'>perp.</span> <span class='ocrx_word' id='word_1_156' title='bbox 2239 2172 2612 2236; x_wconf 82' lang='lat' dir='ltr'>warantiza-</span> 
     </span>
     <span class='ocr_line' id='line_1_16' title="bbox 340 2266 2611 2355; baseline 0.002 -24"><span class='ocrx_word' id='word_1_157' title='bbox 340 2266 571 2331; x_wconf 89' lang='lat' dir='ltr'>bimus.</span> <span class='ocrx_word' id='word_1_158' title='bbox 636 2268 720 2331; x_wconf 91' lang='lat' dir='ltr'>In</span> <span class='ocrx_word' id='word_1_159' title='bbox 750 2269 933 2352; x_wconf 89' lang='lat' dir='ltr'>cujus</span> <span class='ocrx_word' id='word_1_160' title='bbox 962 2268 1058 2333; x_wconf 87' lang='lat' dir='ltr'>rei</span> <span class='ocrx_word' id='word_1_161' title='bbox 1085 2274 1230 2332; x_wconf 84' lang='lat' dir='ltr'>test.</span> <span class='ocrx_word' id='word_1_162' title='bbox 1260 2288 1437 2352; x_wconf 84' lang='lat' dir='ltr'>praes.</span> <span class='ocrx_word' id='word_1_163' title='bbox 1471 2276 1662 2333; x_wconf 81' lang='lat' dir='ltr'>cartae</span> <span class='ocrx_word' id='word_1_164' title='bbox 1691 2269 1904 2354; x_wconf 83' lang='lat' dir='ltr'>sigilla</span> <span class='ocrx_word' id='word_1_165' title='bbox 1933 2277 2152 2334; x_wconf 82' lang='lat' dir='ltr'>nostra</span> <span class='ocrx_word' id='word_1_166' title='bbox 2179 2273 2611 2355; x_wconf 81' lang='lat' dir='ltr'>apposuimus.</span> 
     </span>
     <span class='ocr_line' id='line_1_17' title="bbox 344 2365 2611 2456; baseline 0.004 -28"><span class='ocrx_word' id='word_1_167' title='bbox 344 2365 498 2430; x_wconf 91' lang='lat' dir='ltr'>Hiis</span> <span class='ocrx_word' id='word_1_168' title='bbox 548 2368 841 2432; x_wconf 84' lang='lat' dir='ltr'>testibus.</span> <span class='ocrx_word' id='word_1_169' title='bbox 946 2368 1138 2432; x_wconf 84' lang='lat' dir='ltr'>Petro</span> <span class='ocrx_word' id='word_1_170' title='bbox 1182 2367 1264 2432; x_wconf 89' lang='lat' dir='ltr'>de</span> <span class='ocrx_word' id='word_1_171' title='bbox 1303 2368 1602 2453; x_wconf 83' lang='lat' dir='ltr'>Faiceby,</span> <span class='ocrx_word' id='word_1_172' title='bbox 1645 2375 1806 2434; x_wconf 87' lang='lat' dir='ltr'>tunc</span> <span class='ocrx_word' id='word_1_173' title='bbox 1853 2370 2104 2434; x_wconf 84' lang='lat' dir='ltr'>Ballivo</span> <span class='ocrx_word' id='word_1_174' title='bbox 2153 2370 2232 2435; x_wconf 92' lang='lat' dir='ltr'>de</span> <span class='ocrx_word' id='word_1_175' title='bbox 2278 2371 2611 2456; x_wconf 86' lang='lat' dir='ltr'>Whiteby.</span> 
     </span>
     <span class='ocr_line' id='line_1_18' title="bbox 343 2466 2611 2555; baseline 0.003 -26"><span class='ocrx_word' id='word_1_176' title='bbox 343 2466 635 2530; x_wconf 83' lang='lat' dir='ltr'>Galfrido</span> <span class='ocrx_word' id='word_1_177' title='bbox 707 2467 947 2533; x_wconf 89' lang='lat' dir='ltr'>Penok.</span> <span class='ocrx_word' id='word_1_178' title='bbox 1063 2466 1435 2533; x_wconf 79' lang='lat' dir='ltr'>Alexandro</span> <span class='ocrx_word' id='word_1_179' title='bbox 1510 2468 1743 2534; x_wconf 81' lang='lat' dir='ltr'>Scotto.</span> <span class='ocrx_word' id='word_1_180' title='bbox 1861 2468 2196 2534; x_wconf 92' lang='lat' dir='ltr'>Willelmo</span> <span class='ocrx_word' id='word_1_181' title='bbox 2270 2470 2350 2534; x_wconf 90' lang='lat' dir='ltr'>de</span> <span class='ocrx_word' id='word_1_182' title='bbox 2423 2471 2611 2555; x_wconf 86' lang='lat' dir='ltr'>Lyth.</span> 
     </span>
     <span class='ocr_line' id='line_1_19' title="bbox 349 2565 2614 2635; baseline 0.002 -5"><span class='ocrx_word' id='word_1_183' title='bbox 349 2568 394 2630; x_wconf 85' lang='lat' dir='ltr'><strong>J</strong></span> <span class='ocrx_word' id='word_1_184' title='bbox 396 2565 650 2631; x_wconf 83' lang='lat' dir='ltr'>ohanne</span> <span class='ocrx_word' id='word_1_185' title='bbox 703 2567 1018 2632; x_wconf 84' lang='lat' dir='ltr'>Hersand.</span> <span class='ocrx_word' id='word_1_186' title='bbox 1107 2567 1439 2632; x_wconf 90' lang='lat' dir='ltr'>Willelmo</span> <span class='ocrx_word' id='word_1_187' title='bbox 1485 2569 1619 2633; x_wconf 90' lang='lat' dir='ltr'>filio</span> <span class='ocrx_word' id='word_1_188' title='bbox 1675 2569 2054 2634; x_wconf 83' lang='lat' dir='ltr'>Hermanni.</span> <span class='ocrx_word' id='word_1_189' title='bbox 2140 2570 2474 2635; x_wconf 89' lang='lat' dir='ltr'>Willelmo</span> <span class='ocrx_word' id='word_1_190' title='bbox 2534 2572 2614 2635; x_wconf 91' lang='lat' dir='ltr'>de</span> 
     </span>
     <span class='ocr_line' id='line_1_20' title="bbox 344 2665 2611 2751; baseline 0.002 -23"><span class='ocrx_word' id='word_1_191' title='bbox 344 2665 534 2733; x_wconf 82' lang='lat' dir='ltr'>Aula.</span> <span class='ocrx_word' id='word_1_192' title='bbox 629 2665 918 2731; x_wconf 80' lang='lat' dir='ltr'>Galfrido</span> <span class='ocrx_word' id='word_1_193' title='bbox 948 2665 1028 2730; x_wconf 94' lang='lat' dir='ltr'>de</span> <span class='ocrx_word' id='word_1_194' title='bbox 1073 2667 1263 2751; x_wconf 86' lang='lat' dir='ltr'>Lyth.</span> <span class='ocrx_word' id='word_1_195' title='bbox 1352 2667 1669 2733; x_wconf 81' lang='lat' dir='ltr'>Nicholao</span> <span class='ocrx_word' id='word_1_196' title='bbox 1698 2668 1779 2732; x_wconf 92' lang='lat' dir='ltr'>de</span> <span class='ocrx_word' id='word_1_197' title='bbox 1822 2666 2009 2751; x_wconf 80' lang='lat' dir='ltr'>Lyth.</span> <span class='ocrx_word' id='word_1_198' title='bbox 2101 2668 2381 2732; x_wconf 86' lang='lat' dir='ltr'>Roberto</span> <span class='ocrx_word' id='word_1_199' title='bbox 2425 2669 2611 2751; x_wconf 77' lang='lat' dir='ltr'>Pege.</span> 
     </span>
     <span class='ocr_line' id='line_1_21' title="bbox 344 2764 1262 2850; baseline 0.004 -23"><span class='ocrx_word' id='word_1_200' title='bbox 344 2764 600 2850; x_wconf 84' lang='lat' dir='ltr'>Rogero</span> <span class='ocrx_word' id='word_1_201' title='bbox 628 2766 964 2847; x_wconf 82' lang='lat' dir='ltr'>Tinctore3</span> <span class='ocrx_word' id='word_1_202' title='bbox 1007 2771 1075 2831; x_wconf 91' lang='lat' dir='ltr'>et</span> <span class='ocrx_word' id='word_1_203' title='bbox 1102 2765 1262 2831; x_wconf 79' lang='lat' dir='ltr'>aliis.</span> 
     </span>
    </p>
   </div>
   <div class='ocr_carea' id='block_1_11' title="bbox 517 3010 711 3075">
    <p class='ocr_par' dir='ltr' id='par_1_11' title="bbox 517 3010 711 3075">
     <span class='ocr_line' id='line_1_22' title="bbox 517 3010 711 3075; baseline 0.005 -1"><span class='ocrx_word' id='word_1_204' title='bbox 517 3010 711 3075; x_wconf 90' lang='lat' dir='ltr'>XIII.</span> 
     </span>
    </p>
   </div>
   <div class='ocr_carea' id='block_1_12' title="bbox 342 3173 2613 3358">
    <p class='ocr_par' dir='ltr' id='par_1_12' title="bbox 342 3173 2613 3358">
     <span class='ocr_line' id='line_1_23' title="bbox 431 3173 2613 3259; baseline 0.001 -23"><span class='ocrx_word' id='word_1_205' title='bbox 431 3173 652 3237; x_wconf 84' lang='lat' dir='ltr'>Sciant</span> <span class='ocrx_word' id='word_1_206' title='bbox 700 3195 921 3239; x_wconf 88' lang='lat' dir='ltr'>omnes</span> <span class='ocrx_word' id='word_1_207' title='bbox 976 3179 1113 3238; x_wconf 85' lang='lat' dir='ltr'>tam</span> <span class='ocrx_word' id='word_1_208' title='bbox 1159 3195 1252 3257; x_wconf 87' lang='lat' dir='ltr'>pr.</span> <span class='ocrx_word' id='word_1_209' title='bbox 1299 3195 1493 3259; x_wconf 85' lang='lat' dir='ltr'>quam</span> <span class='ocrx_word' id='word_1_210' title='bbox 1548 3175 1667 3239; x_wconf 85' lang='lat' dir='ltr'>fut.</span> <span class='ocrx_word' id='word_1_211' title='bbox 1715 3173 1889 3258; x_wconf 91' lang='lat' dir='ltr'>quod</span> <span class='ocrx_word' id='word_1_212' title='bbox 1937 3194 2071 3258; x_wconf 89' lang='lat' dir='ltr'>eg0‚</span> <span class='ocrx_word' id='word_1_213' title='bbox 2116 3173 2474 3239; x_wconf 81' lang='lat' dir='ltr'>Nicholaus</span> <span class='ocrx_word' id='word_1_214' title='bbox 2533 3175 2613 3239; x_wconf 94' lang='lat' dir='ltr'>de</span> 
     </span>
     <span class='ocr_line' id='line_1_24' title="bbox 342 3273 2613 3358; baseline 0 -19"><span class='ocrx_word' id='word_1_215' title='bbox 342 3273 652 3352; x_wconf 84' lang='lat' dir='ltr'>Cardoile,</span> <span class='ocrx_word' id='word_1_216' title='bbox 675 3273 734 3339; x_wconf 93' lang='lat' dir='ltr'>d.</span> <span class='ocrx_word' id='word_1_217' title='bbox 768 3279 835 3339; x_wconf 87' lang='lat' dir='ltr'>et</span> <span class='ocrx_word' id='word_1_218' title='bbox 856 3295 908 3340; x_wconf 93' lang='lat' dir='ltr'>c.</span> <span class='ocrx_word' id='word_1_219' title='bbox 933 3280 1000 3338; x_wconf 91' lang='lat' dir='ltr'>et</span> <span class='ocrx_word' id='word_1_220' title='bbox 1029 3274 1151 3338; x_wconf 83' lang='lat' dir='ltr'>hac</span> <span class='ocrx_word' id='word_1_221' title='bbox 1175 3295 1268 3358; x_wconf 91' lang='lat' dir='ltr'>pr.</span> <span class='ocrx_word' id='word_1_222' title='bbox 1294 3295 1344 3339; x_wconf 91' lang='lat' dir='ltr'>c.</span> <span class='ocrx_word' id='word_1_223' title='bbox 1364 3294 1509 3339; x_wconf 83' lang='lat' dir='ltr'>mea</span> <span class='ocrx_word' id='word_1_224' title='bbox 1532 3274 1697 3340; x_wconf 88' lang='lat' dir='ltr'>conf.</span> <span class='ocrx_word' id='word_1_225' title='bbox 1721 3275 1862 3339; x_wconf 92' lang='lat' dir='ltr'>Deo</span> <span class='ocrx_word' id='word_1_226' title='bbox 1888 3281 1954 3339; x_wconf 90' lang='lat' dir='ltr'>et</span> <span class='ocrx_word' id='word_1_227' title='bbox 1978 3274 2275 3339; x_wconf 81' lang='lat' dir='ltr'>almario¹</span> <span class='ocrx_word' id='word_1_228' title='bbox 2307 3275 2613 3341; x_wconf 81' lang='lat' dir='ltr'>Ecclesiae</span> 
     </span>
    </p>
   </div>
   <div class='ocr_carea' id='block_1_13' title="bbox 325 3412 2614 4647">
    <p class='ocr_par' dir='ltr' id='par_1_13' title="bbox 325 3412 2614 4647">
     <span class='ocr_line' id='line_1_25' title="bbox 408 3412 2614 3480; baseline 0.001 -15"><span class='ocrx_word' id='word_1_229' title='bbox 408 3413 429 3447; x_wconf 90' lang='lat'>¹</span> <span class='ocrx_word' id='word_1_230' title='bbox 467 3414 726 3466; x_wconf 71' lang='lat' dir='ltr'>Chat-lton</span> <span class='ocrx_word' id='word_1_231' title='bbox 751 3413 796 3465; x_wconf 90' lang='lat' dir='ltr'>is</span> <span class='ocrx_word' id='word_1_232' title='bbox 823 3430 951 3480; x_wconf 79' lang='lat' dir='ltr'>very</span> <span class='ocrx_word' id='word_1_233' title='bbox 976 3413 1135 3464; x_wconf 89' lang='lat' dir='ltr'>much</span> <span class='ocrx_word' id='word_1_234' title='bbox 1160 3418 1219 3465; x_wconf 77' lang='lat' dir='ltr'>st</span> <span class='ocrx_word' id='word_1_235' title='bbox 1242 3429 1333 3465; x_wconf 76' lang='lat' dir='ltr'>ses</span> <span class='ocrx_word' id='word_1_236' title='bbox 1354 3413 1520 3466; x_wconf 72' lang='lat' dir='ltr'>about</span> <span class='ocrx_word' id='word_1_237' title='bbox 1543 3417 1767 3466; x_wconf 73' lang='lat' dir='ltr'>matters</span> <span class='ocrx_word' id='word_1_238' title='bbox 1802 3412 2053 3465; x_wconf 84' lang='lat' dir='ltr'>involved</span> <span class='ocrx_word' id='word_1_239' title='bbox 2090 3414 2145 3464; x_wconf 91' lang='lat' dir='ltr'>in</span> <span class='ocrx_word' id='word_1_240' title='bbox 2179 3414 2291 3466; x_wconf 84' lang='lat' dir='ltr'>this</span> <span class='ocrx_word' id='word_1_241' title='bbox 2313 3415 2461 3468; x_wconf 84' lang='lat' dir='ltr'>deed.</span> <span class='ocrx_word' id='word_1_242' title='bbox 2534 3415 2614 3467; x_wconf 88' lang='lat' dir='ltr'>At</span> 
     </span>
     <span class='ocr_line' id='line_1_26' title="bbox 338 3495 2611 3564; baseline -0.001 -13"><span class='ocrx_word' id='word_1_243' title='bbox 338 3514 389 3564; x_wconf 88' lang='lat' dir='ltr'>p.</span> <span class='ocrx_word' id='word_1_244' title='bbox 418 3500 502 3559; x_wconf 84' lang='lat'>97,</span> <span class='ocrx_word' id='word_1_245' title='bbox 527 3497 886 3564; x_wconf 80' lang='lat' dir='ltr'>commenting</span> <span class='ocrx_word' id='word_1_246' title='bbox 909 3513 977 3548; x_wconf 86' lang='lat' dir='ltr'>on</span> <span class='ocrx_word' id='word_1_247' title='bbox 1003 3513 1037 3548; x_wconf 77' lang='lat' dir='ltr'>s</span> <span class='ocrx_word' id='word_1_248' title='bbox 1060 3496 1272 3549; x_wconf 69' lang='lat' dir='ltr'>chartei·</span> <span class='ocrx_word' id='word_1_249' title='bbox 1288 3496 1362 3563; x_wconf 79' lang='lat' dir='ltr'>by</span> <span class='ocrx_word' id='word_1_250' title='bbox 1386 3495 1532 3551; x_wconf 82' lang='lat' dir='ltr'>will.</span> <span class='ocrx_word' id='word_1_251' title='bbox 1559 3496 1631 3548; x_wconf 84' lang='lat' dir='ltr'>fil.</span> <span class='ocrx_word' id='word_1_252' title='bbox 1661 3496 1878 3548; x_wconf 66' lang='grc' dir='ltr'>Βίου-(11</span> <span class='ocrx_word' id='word_1_253' title='bbox 1901 3497 1967 3548; x_wconf 84' lang='lat' dir='ltr'>de</span> <span class='ocrx_word' id='word_1_254' title='bbox 1986 3497 2153 3562; x_wconf 81' lang='lat' dir='ltr'>Percy</span> <span class='ocrx_word' id='word_1_255' title='bbox 2175 3496 2243 3547; x_wconf 88' lang='lat' dir='ltr'>de</span> <span class='ocrx_word' id='word_1_256' title='bbox 2270 3497 2525 3564; x_wconf 79' lang='lat' dir='ltr'>Dnnsley‚</span> <span class='ocrx_word' id='word_1_257' title='bbox 2554 3499 2611 3549; x_wconf 91' lang='lat' dir='ltr'>in</span> 
     </span>
     <span class='ocr_line' id='line_1_27' title="bbox 337 3579 2613 3646; baseline -0 -14"><span class='ocrx_word' id='word_1_258' title='bbox 337 3582 514 3633; x_wconf 75' lang='lat' dir='ltr'>which</span> <span class='ocrx_word' id='word_1_259' title='bbox 537 3581 650 3631; x_wconf 75' lang='lat' dir='ltr'>also</span> <span class='ocrx_word' id='word_1_260' title='bbox 672 3579 784 3631; x_wconf 88' lang='lat' dir='ltr'>this</span> <span class='ocrx_word' id='word_1_261' title='bbox 809 3579 959 3631; x_wconf 79' lang='lat' dir='ltr'>word</span> <span class='ocrx_word' id='word_1_262' title='bbox 982 3580 1202 3631; x_wconf 76' lang='lat' dir='ltr'>almaria</span> <span class='ocrx_word' id='word_1_263' title='bbox 1226 3595 1424 3641; x_wconf 82' lang='lat' dir='ltr'>occurs,</span> <span class='ocrx_word' id='word_1_264' title='bbox 1451 3579 1520 3630; x_wconf 85' lang='lat' dir='ltr'>he</span> <span class='ocrx_word' id='word_1_265' title='bbox 1539 3585 1775 3646; x_wconf 67' lang='lat' dir='ltr'>says—‘⁴</span> <span class='ocrx_word' id='word_1_266' title='bbox 1793 3580 1847 3630; x_wconf 80' lang='lat' dir='ltr'>lt</span> <span class='ocrx_word' id='word_1_267' title='bbox 1870 3580 1996 3630; x_wconf 87' lang='lat' dir='ltr'>does</span> <span class='ocrx_word' id='word_1_268' title='bbox 2021 3584 2116 3631; x_wconf 85' lang='lat' dir='ltr'>not</span> <span class='ocrx_word' id='word_1_269' title='bbox 2134 3580 2256 3631; x_wconf 82' lang='lat' dir='ltr'>well</span> <span class='ocrx_word' id='word_1_270' title='bbox 2280 3597 2474 3646; x_wconf 75' lang='lat' dir='ltr'>appear</span> <span class='ocrx_word' id='word_1_271' title='bbox 2491 3580 2613 3632; x_wconf 82' lang='lat' dir='ltr'>who</span> 
     </span>
     <span class='ocr_line' id='line_1_28' title="bbox 336 3661 2612 3728; baseline -0.001 -12"><span class='ocrx_word' id='word_1_272' title='bbox 336 3681 398 3717; x_wconf 82' lang='lat' dir='ltr'>or</span> <span class='ocrx_word' id='word_1_273' title='bbox 411 3664 559 3715; x_wconf 68' lang='lat' dir='ltr'>what</span> <span class='ocrx_word' id='word_1_274' title='bbox 583 3662 692 3713; x_wconf 78' lang='lat' dir='ltr'>this</span> <span class='ocrx_word' id='word_1_275' title='bbox 716 3662 941 3728; x_wconf 72' lang='lat' dir='ltr'>Almsry</span> <span class='ocrx_word' id='word_1_276' title='bbox 964 3679 1074 3714; x_wconf 74' lang='lat' dir='ltr'>was</span> <span class='ocrx_word' id='word_1_277' title='bbox 1098 3682 1115 3725; x_wconf 71' lang='grc' dir='ltr'><strong><em>ς</em></strong></span> <span class='ocrx_word' id='word_1_278' title='bbox 1150 3679 1248 3714; x_wconf 86' lang='lat' dir='ltr'>our</span> <span class='ocrx_word' id='word_1_279' title='bbox 1271 3661 1483 3714; x_wconf 73' lang='lat' dir='ltr'>recol-ds</span> <span class='ocrx_word' id='word_1_280' title='bbox 1505 3661 1744 3713; x_wconf 87' lang='lat' dir='ltr'>mention</span> <span class='ocrx_word' id='word_1_281' title='bbox 1769 3662 1879 3712; x_wconf 87' lang='lat' dir='ltr'>him</span> <span class='ocrx_word' id='word_1_282' title='bbox 1898 3679 1956 3713; x_wconf 74' lang='lat' dir='ltr'>as</span> <span class='ocrx_word' id='word_1_283' title='bbox 1975 3680 2008 3713; x_wconf 75' lang='lat' dir='ltr'><strong>a</strong></span> <span class='ocrx_word' id='word_1_284' title='bbox 2030 3679 2220 3728; x_wconf 84' lang='lat' dir='ltr'>person</span> <span class='ocrx_word' id='word_1_285' title='bbox 2246 3662 2368 3714; x_wconf 82' lang='lat' dir='ltr'>who</span> <span class='ocrx_word' id='word_1_286' title='bbox 2385 3662 2525 3714; x_wconf 88' lang='lat' dir='ltr'>lived</span> <span class='ocrx_word' id='word_1_287' title='bbox 2553 3665 2612 3714; x_wconf 78' lang='lat' dir='ltr'>at</span> 
     </span>
     <span class='ocr_line' id='line_1_29' title="bbox 334 3745 2613 3813; baseline -0.001 -12"><span class='ocrx_word' id='word_1_288' title='bbox 334 3748 564 3813; x_wconf 79' lang='lat' dir='ltr'>Whitby</span> <span class='ocrx_word' id='word_1_289' title='bbox 597 3745 703 3798; x_wconf 66' lang='lat' dir='ltr'>and</span> <span class='ocrx_word' id='word_1_290' title='bbox 739 3745 943 3797; x_wconf 86' lang='lat' dir='ltr'>resided</span> <span class='ocrx_word' id='word_1_291' title='bbox 979 3746 1036 3797; x_wconf 89' lang='lat' dir='ltr'>in</span> <span class='ocrx_word' id='word_1_292' title='bbox 1074 3746 1169 3798; x_wconf 86' lang='lat' dir='ltr'>the</span> <span class='ocrx_word' id='word_1_293' title='bbox 1192 3750 1515 3811; x_wconf 74' lang='lat' dir='ltr'>monastery,</span> <span class='ocrx_word' id='word_1_294' title='bbox 1552 3746 1654 3797; x_wconf 77' lang='lat' dir='ltr'>but</span> <span class='ocrx_word' id='word_1_295' title='bbox 1696 3745 1754 3796; x_wconf 88' lang='lat' dir='ltr'>in</span> <span class='ocrx_word' id='word_1_296' title='bbox 1793 3746 1942 3797; x_wconf 75' lang='lat' dir='ltr'>what</span> <span class='ocrx_word' id='word_1_297' title='bbox 1984 3746 2255 3798; x_wconf 72' lang='lat' dir='ltr'>character</span> <span class='ocrx_word' id='word_1_298' title='bbox 2288 3763 2369 3798; x_wconf 80' lang='lat' dir='ltr'>we</span> <span class='ocrx_word' id='word_1_299' title='bbox 2417 3752 2613 3800; x_wconf 77' lang='lat' dir='ltr'>cannot</span> 
     </span>
     <span class='ocr_line' id='line_1_30' title="bbox 333 3829 2610 3900; baseline -0 -17"><span class='ocrx_word' id='word_1_300' title='bbox 333 3829 619 3900; x_wconf 79' lang='lat' dir='ltr'>positively</span> <span class='ocrx_word' id='word_1_301' title='bbox 645 3846 757 3895; x_wconf 75' lang='lat' dir='ltr'>say,</span> <span class='ocrx_word' id='word_1_302' title='bbox 796 3834 895 3881; x_wconf 87' lang='lat' dir='ltr'>etc.</span> <span class='ocrx_word' id='word_1_303' title='bbox 934 3829 1070 3883; x_wconf 50' lang='grc' dir='ltr'>ποθ’</span> <span class='ocrx_word' id='word_1_304' title='bbox 1143 3830 1199 3882; x_wconf 88' lang='lat' dir='ltr'>It</span> <span class='ocrx_word' id='word_1_305' title='bbox 1239 3830 1287 3882; x_wconf 87' lang='lat' dir='ltr'>is</span> <span class='ocrx_word' id='word_1_306' title='bbox 1321 3830 1518 3881; x_wconf 79' lang='lat' dir='ltr'>almost</span> <span class='ocrx_word' id='word_1_307' title='bbox 1552 3845 1903 3895; x_wconf 75' lang='lat' dir='ltr'>unnecessary</span> <span class='ocrx_word' id='word_1_308' title='bbox 1940 3835 2000 3881; x_wconf 87' lang='lat' dir='ltr'>to</span> <span class='ocrx_word' id='word_1_309' title='bbox 2037 3846 2133 3896; x_wconf 74' lang='lat' dir='ltr'>say</span> <span class='ocrx_word' id='word_1_310' title='bbox 2170 3830 2293 3881; x_wconf 73' lang='lat' dir='ltr'>that</span> <span class='ocrx_word' id='word_1_311' title='bbox 2332 3831 2610 3882; x_wconf 69' lang='lat' dir='ltr'>almariam</span> 
     </span>
     <span class='ocr_line' id='line_1_31' title="bbox 333 3912 2608 3981; baseline 0 -14"><span class='ocrx_word' id='word_1_312' title='bbox 333 3918 380 3967; x_wconf 87' lang='lat' dir='ltr'>is</span> <span class='ocrx_word' id='word_1_313' title='bbox 419 3915 614 3981; x_wconf 76' lang='lat' dir='ltr'>simply</span> <span class='ocrx_word' id='word_1_314' title='bbox 637 3913 731 3964; x_wconf 84' lang='lat' dir='ltr'>the</span> <span class='ocrx_word' id='word_1_315' title='bbox 774 3912 935 3963; x_wconf 77' lang='lat' dir='ltr'>Latin</span> <span class='ocrx_word' id='word_1_316' title='bbox 976 3912 1115 3964; x_wconf 79' lang='lat' dir='ltr'>form</span> <span class='ocrx_word' id='word_1_317' title='bbox 1155 3913 1212 3964; x_wconf 76' lang='lat' dir='ltr'>of</span> <span class='ocrx_word' id='word_1_318' title='bbox 1247 3913 1343 3964; x_wconf 84' lang='lat' dir='ltr'>the</span> <span class='ocrx_word' id='word_1_319' title='bbox 1382 3912 1471 3964; x_wconf 91' lang='lat' dir='ltr'>old</span> <span class='ocrx_word' id='word_1_320' title='bbox 1515 3912 1740 3979; x_wconf 81' lang='lat' dir='ltr'>English</span> <span class='ocrx_word' id='word_1_321' title='bbox 1780 3913 1930 3964; x_wconf 75' lang='lat' dir='ltr'>word</span> <span class='ocrx_word' id='word_1_322' title='bbox 1970 3914 2191 3964; x_wconf 66' lang='lat' dir='ltr'>almaria</span> <span class='ocrx_word' id='word_1_323' title='bbox 2234 3913 2308 3977; x_wconf 89' lang='lat' dir='ltr'>(in</span> <span class='ocrx_word' id='word_1_324' title='bbox 2351 3914 2423 3965; x_wconf 81' lang='lat' dir='ltr'>its</span> <span class='ocrx_word' id='word_1_325' title='bbox 2462 3931 2608 3967; x_wconf 78' lang='lat' dir='ltr'>more</span> 
     </span>
     <span class='ocr_line' id='line_1_32' title="bbox 335 3995 2607 4061; baseline -0.001 -10"><span class='ocrx_word' id='word_1_326' title='bbox 335 3999 557 4051; x_wconf 84' lang='lat' dir='ltr'>modern</span> <span class='ocrx_word' id='word_1_327' title='bbox 604 3998 741 4049; x_wconf 74' lang='lat' dir='ltr'>form</span> <span class='ocrx_word' id='word_1_328' title='bbox 789 3995 1042 4061; x_wconf 70' lang='lat' dir='ltr'><strong><em>Aumbry,</em></strong></span> <span class='ocrx_word' id='word_1_329' title='bbox 1090 4000 1125 4025; x_wconf 78' lang='lat'>‘⁴</span> <span class='ocrx_word' id='word_1_330' title='bbox 1142 4013 1176 4048; x_wconf 76' lang='lat' dir='ltr'>s</span> <span class='ocrx_word' id='word_1_331' title='bbox 1219 3996 1400 4047; x_wconf 82' lang='lat' dir='ltr'>locker</span> <span class='ocrx_word' id='word_1_332' title='bbox 1447 3996 1506 4046; x_wconf 91' lang='lat' dir='ltr'>in</span> <span class='ocrx_word' id='word_1_333' title='bbox 1552 3996 1648 4048; x_wconf 77' lang='lat' dir='ltr'>the</span> <span class='ocrx_word' id='word_1_334' title='bbox 1695 3996 1857 4047; x_wconf 85' lang='lat' dir='ltr'>north</span> <span class='ocrx_word' id='word_1_335' title='bbox 1892 3995 2110 4047; x_wconf 80' lang='lat' dir='ltr'>chancel</span> <span class='ocrx_word' id='word_1_336' title='bbox 2155 3997 2279 4048; x_wconf 73' lang='lat' dir='ltr'>wall</span> <span class='ocrx_word' id='word_1_337' title='bbox 2298 3996 2607 4050; x_wconf 84' lang='lat' dir='ltr'>”—Hook’s</span> 
     </span>
     <span class='ocr_line' id='line_1_33' title="bbox 337 4078 2598 4148; baseline -0 -14"><span class='ocrx_word' id='word_1_338' title='bbox 337 4082 540 4134; x_wconf 71' lang='lat' dir='ltr'>G&#39;lmrch</span> <span class='ocrx_word' id='word_1_339' title='bbox 562 4081 904 4144; x_wconf 67' lang='lat' dir='ltr'>Didionary),</span> <span class='ocrx_word' id='word_1_340' title='bbox 930 4079 1109 4131; x_wconf 73' lang='lat' dir='ltr'>which</span> <span class='ocrx_word' id='word_1_341' title='bbox 1132 4079 1178 4131; x_wconf 85' lang='lat' dir='ltr'>is</span> <span class='ocrx_word' id='word_1_342' title='bbox 1202 4079 1417 4130; x_wconf 84' lang='lat' dir='ltr'>defined</span> <span class='ocrx_word' id='word_1_343' title='bbox 1439 4079 1514 4144; x_wconf 82' lang='lat' dir='ltr'>by</span> <span class='ocrx_word' id='word_1_344' title='bbox 1539 4078 1810 4131; x_wconf 69' lang='lat' dir='ltr'>Haniwell</span> <span class='ocrx_word' id='word_1_345' title='bbox 1834 4095 1892 4130; x_wconf 71' lang='lat' dir='ltr'>ss</span> <span class='ocrx_word' id='word_1_346' title='bbox 1922 4084 1960 4108; x_wconf 82' lang='lat'>⁸‘</span> <span class='ocrx_word' id='word_1_347' title='bbox 1977 4095 2010 4130; x_wconf 74' lang='lat' dir='ltr'><strong>a</strong></span> <span class='ocrx_word' id='word_1_348' title='bbox 2027 4080 2309 4145; x_wconf 71' lang='lat' dir='ltr'>cupboard,</span> <span class='ocrx_word' id='word_1_349' title='bbox 2331 4098 2364 4131; x_wconf 74' lang='lat' dir='ltr'><strong>a</strong></span> <span class='ocrx_word' id='word_1_350' title='bbox 2386 4085 2598 4148; x_wconf 67' lang='lat' dir='ltr'>pantu-y,</span> 
     </span>
     <span class='ocr_line' id='line_1_34' title="bbox 329 4162 2601 4231; baseline -0.001 -13"><span class='ocrx_word' id='word_1_351' title='bbox 329 4184 364 4218; x_wconf 73' lang='lat' dir='ltr'><strong>a</strong></span> <span class='ocrx_word' id='word_1_352' title='bbox 387 4164 548 4227; x_wconf 69' lang='lat' dir='ltr'>safe‚”</span> <span class='ocrx_word' id='word_1_353' title='bbox 575 4162 680 4216; x_wconf 66' lang='lat' dir='ltr'>and</span> <span class='ocrx_word' id='word_1_354' title='bbox 704 4163 927 4215; x_wconf 78' lang='lat' dir='ltr'>claimed</span> <span class='ocrx_word' id='word_1_355' title='bbox 951 4164 1026 4229; x_wconf 82' lang='lat' dir='ltr'>by</span> <span class='ocrx_word' id='word_1_356' title='bbox 1048 4163 1160 4214; x_wconf 89' lang='lat' dir='ltr'>him</span> <span class='ocrx_word' id='word_1_357' title='bbox 1186 4179 1242 4214; x_wconf 75' lang='lat' dir='ltr'>ss</span> <span class='ocrx_word' id='word_1_358' title='bbox 1268 4179 1301 4214; x_wconf 74' lang='lat' dir='ltr'><strong>a</strong></span> <span class='ocrx_word' id='word_1_359' title='bbox 1331 4163 1792 4229; x_wconf 74' lang='lat' dir='ltr'>“north-country</span> <span class='ocrx_word' id='word_1_360' title='bbox 1817 4163 1965 4214; x_wconf 80' lang='lat' dir='ltr'>word</span> <span class='ocrx_word' id='word_1_361' title='bbox 1981 4162 2010 4186; x_wconf 89' lang='lat'>’&#39;</span> <span class='ocrx_word' id='word_1_362' title='bbox 2035 4163 2092 4213; x_wconf 88' lang='lat' dir='ltr'>in</span> <span class='ocrx_word' id='word_1_363' title='bbox 2116 4164 2189 4215; x_wconf 84' lang='lat' dir='ltr'>its</span> <span class='ocrx_word' id='word_1_364' title='bbox 2213 4163 2347 4214; x_wconf 76' lang='lat' dir='ltr'>form</span> <span class='ocrx_word' id='word_1_365' title='bbox 2372 4167 2601 4231; x_wconf 72' lang='lat' dir='ltr'>aumbry.</span> 
     </span>
     <span class='ocr_line' id='line_1_35' title="bbox 330 4245 2603 4313; baseline -0 -13"><span class='ocrx_word' id='word_1_366' title='bbox 330 4249 417 4300; x_wconf 86' lang='lat' dir='ltr'>He</span> <span class='ocrx_word' id='word_1_367' title='bbox 460 4247 667 4299; x_wconf 77' lang='lat' dir='ltr'>further</span> <span class='ocrx_word' id='word_1_368' title='bbox 701 4249 893 4313; x_wconf 85' lang='lat' dir='ltr'>quotes</span> <span class='ocrx_word' id='word_1_369' title='bbox 933 4262 992 4297; x_wconf 73' lang='lat' dir='ltr'>as</span> <span class='ocrx_word' id='word_1_370' title='bbox 1029 4262 1099 4297; x_wconf 79' lang='lat' dir='ltr'>sn</span> <span class='ocrx_word' id='word_1_371' title='bbox 1147 4245 1503 4312; x_wconf 70' lang='lat' dir='ltr'>example-‘⁶</span> <span class='ocrx_word' id='word_1_372' title='bbox 1522 4245 1693 4296; x_wconf 82' lang='lat' dir='ltr'>There</span> <span class='ocrx_word' id='word_1_373' title='bbox 1736 4246 1944 4297; x_wconf 74' lang='lat' dir='ltr'>avarica</span> <span class='ocrx_word' id='word_1_374' title='bbox 1990 4246 2127 4297; x_wconf 74' lang='lat' dir='ltr'>bath</span> <span class='ocrx_word' id='word_1_375' title='bbox 2175 4246 2450 4309; x_wconf 68' lang='lat' dir='ltr'>Almaries,</span> <span class='ocrx_word' id='word_1_376' title='bbox 2497 4250 2603 4299; x_wconf 70' lang='lat' dir='ltr'>and</span> 
     </span>
     <span class='ocr_line' id='line_1_36' title="bbox 327 4329 2605 4399; baseline 0.001 -17"><span class='ocrx_word' id='word_1_377' title='bbox 327 4331 700 4398; x_wconf 56' lang='lat' dir='ltr'>pon-bounde</span> <span class='ocrx_word' id='word_1_378' title='bbox 724 4330 912 4381; x_wconf 83' lang='lat' dir='ltr'>coffres</span> <span class='ocrx_word' id='word_1_379' title='bbox 928 4330 958 4358; x_wconf 90' lang='lat'><strong><em>”</em></strong></span> <span class='ocrx_word' id='word_1_380' title='bbox 997 4330 1166 4393; x_wconf 69' lang='lat' dir='ltr'>(Piera</span> <span class='ocrx_word' id='word_1_381' title='bbox 1202 4331 1284 4381; x_wconf 76' lang='lat' dir='ltr'>the</span> <span class='ocrx_word' id='word_1_382' title='bbox 1318 4330 1605 4391; x_wconf 75' lang='lat' dir='ltr'>Plowman,</span> <span class='ocrx_word' id='word_1_383' title='bbox 1661 4330 1787 4381; x_wconf 65' lang='lat' dir='ltr'>Tac</span> <span class='ocrx_word' id='word_1_384' title='bbox 1823 4329 1906 4393; x_wconf 89' lang='lat' dir='ltr'>B.,</span> <span class='ocrx_word' id='word_1_385' title='bbox 1950 4330 2116 4394; x_wconf 73' lang='lat' dir='ltr'>Early</span> <span class='ocrx_word' id='word_1_386' title='bbox 2139 4330 2200 4381; x_wconf 73' lang='lat' dir='ltr'>E.</span> <span class='ocrx_word' id='word_1_387' title='bbox 2255 4331 2378 4382; x_wconf 64' lang='lat' dir='ltr'>Tac</span> <span class='ocrx_word' id='word_1_388' title='bbox 2412 4331 2605 4399; x_wconf 67' lang='lat' dir='ltr'>Society</span> 
     </span>
     <span class='ocr_line' id='line_1_37' title="bbox 325 4412 2605 4482; baseline -0 -14"><span class='ocrx_word' id='word_1_389' title='bbox 325 4418 507 4479; x_wconf 65' lang='lat' dir='ltr'>Series,</span> <span class='ocrx_word' id='word_1_390' title='bbox 527 4432 578 4482; x_wconf 89' lang='lat' dir='ltr'>p.</span> <span class='ocrx_word' id='word_1_391' title='bbox 598 4416 720 4478; x_wconf 81' lang='lat'><strong>249,</strong></span> <span class='ocrx_word' id='word_1_392' title='bbox 741 4414 776 4468; x_wconf 86' lang='lat' dir='ltr'>l.</span> <span class='ocrx_word' id='word_1_393' title='bbox 803 4413 942 4481; x_wconf 83' lang='lat'>246).</span> <span class='ocrx_word' id='word_1_394' title='bbox 1021 4413 1239 4465; x_wconf 83' lang='lat' dir='ltr'>Besides</span> <span class='ocrx_word' id='word_1_395' title='bbox 1264 4413 1555 4480; x_wconf 80' lang='lat' dir='ltr'>supposing</span> <span class='ocrx_word' id='word_1_396' title='bbox 1588 4412 1684 4465; x_wconf 84' lang='lat' dir='ltr'>the</span> <span class='ocrx_word' id='word_1_397' title='bbox 1709 4413 1910 4479; x_wconf 62' lang='lat' dir='ltr'>ulmal-y</span> <span class='ocrx_word' id='word_1_398' title='bbox 1936 4417 1994 4464; x_wconf 75' lang='lat' dir='ltr'>to</span> <span class='ocrx_word' id='word_1_399' title='bbox 2017 4413 2083 4464; x_wconf 90' lang='lat' dir='ltr'>be</span> <span class='ocrx_word' id='word_1_400' title='bbox 2106 4414 2200 4464; x_wconf 85' lang='lat' dir='ltr'>the</span> <span class='ocrx_word' id='word_1_401' title='bbox 2228 4417 2261 4442; x_wconf 88' lang='lat'><strong>“</strong></span> <span class='ocrx_word' id='word_1_402' title='bbox 2279 4413 2517 4477; x_wconf 69' lang='lat' dir='ltr'>chantor,</span> <span class='ocrx_word' id='word_1_403' title='bbox 2543 4432 2605 4467; x_wconf 87' lang='lat' dir='ltr'>or</span> 
     </span>
     <span class='ocr_line' id='line_1_38' title="bbox 326 4495 2602 4565; baseline 0 -16"><span class='ocrx_word' id='word_1_404' title='bbox 326 4515 519 4565; x_wconf 82' lang='lat' dir='ltr'>person</span> <span class='ocrx_word' id='word_1_405' title='bbox 537 4499 657 4550; x_wconf 82' lang='lat' dir='ltr'>who</span> <span class='ocrx_word' id='word_1_406' title='bbox 683 4497 939 4563; x_wconf 83' lang='lat' dir='ltr'>provided</span> <span class='ocrx_word' id='word_1_407' title='bbox 964 4496 1060 4549; x_wconf 88' lang='lat' dir='ltr'>the</span> <span class='ocrx_word' id='word_1_408' title='bbox 1104 4496 1298 4548; x_wconf 78' lang='lat' dir='ltr'>monks</span> <span class='ocrx_word' id='word_1_409' title='bbox 1328 4496 1463 4547; x_wconf 74' lang='lat' dir='ltr'>with</span> <span class='ocrx_word' id='word_1_410' title='bbox 1488 4496 1618 4548; x_wconf 85' lang='lat' dir='ltr'>such</span> <span class='ocrx_word' id='word_1_411' title='bbox 1642 4495 1811 4547; x_wconf 83' lang='lat' dir='ltr'>books</span> <span class='ocrx_word' id='word_1_412' title='bbox 1835 4512 1894 4547; x_wconf 71' lang='lat' dir='ltr'>as</span> <span class='ocrx_word' id='word_1_413' title='bbox 1917 4512 2055 4548; x_wconf 82' lang='lat' dir='ltr'>were</span> <span class='ocrx_word' id='word_1_414' title='bbox 2090 4512 2366 4561; x_wconf 75' lang='lat' dir='ltr'>necessary</span> <span class='ocrx_word' id='word_1_415' title='bbox 2389 4497 2473 4547; x_wconf 78' lang='lat' dir='ltr'>for</span> <span class='ocrx_word' id='word_1_416' title='bbox 2507 4498 2602 4550; x_wconf 87' lang='lat' dir='ltr'>the</span> 
     </span>
     <span class='ocr_line' id='line_1_39' title="bbox 332 4578 2596 4647; baseline -0.001 -12"><span class='ocrx_word' id='word_1_417' title='bbox 332 4582 659 4635; x_wconf 72' lang='lat' dir='ltr'>celebntion</span> <span class='ocrx_word' id='word_1_418' title='bbox 698 4581 755 4633; x_wconf 76' lang='lat' dir='ltr'>of</span> <span class='ocrx_word' id='word_1_419' title='bbox 812 4581 992 4633; x_wconf 84' lang='lat' dir='ltr'>divine</span> <span class='ocrx_word' id='word_1_420' title='bbox 1042 4581 1256 4644; x_wconf 82' lang='lat' dir='ltr'>service,</span> <span class='ocrx_word' id='word_1_421' title='bbox 1296 4580 1399 4632; x_wconf 70' lang='lat' dir='ltr'>and</span> <span class='ocrx_word' id='word_1_422' title='bbox 1450 4581 1678 4647; x_wconf 74' lang='lat' dir='ltr'>perhaps</span> <span class='ocrx_word' id='word_1_423' title='bbox 1729 4580 1811 4631; x_wconf 82' lang='lat' dir='ltr'>for</span> <span class='ocrx_word' id='word_1_424' title='bbox 1860 4578 2001 4630; x_wconf 81' lang='lat' dir='ltr'>their</span> <span class='ocrx_word' id='word_1_425' title='bbox 2040 4579 2238 4646; x_wconf 72' lang='lat' dir='ltr'>librat-y</span> <span class='ocrx_word' id='word_1_426' title='bbox 2281 4580 2439 4644; x_wconf 58' lang='lat' dir='ltr'>alzoss’</span> <span class='ocrx_word' id='word_1_427' title='bbox 2495 4581 2596 4634; x_wconf 66' lang='grc' dir='ltr'>ΜΓ.</span> 
     </span>
    </p>
   </div>
   <div class='ocr_carea' id='block_1_14' title="bbox 1449 4679 1488 4725">
    <p class='ocr_par' dir='ltr' id='par_1_14' title="bbox 1449 4679 1488 4725">
     <span class='ocr_line' id='line_1_40' title="bbox 1449 4679 1488 4725; baseline 0 0"><span class='ocrx_word' id='word_1_428' title='bbox 1449 4679 1488 4725; x_wconf 86' lang='grc' dir='ltr'><em>Β</em></span> 
     </span>
    </p>
   </div>
  </div>
 </body>
</html>
