3285 5121
686 507 812 566 336
1060 517 1304 571 CARTU
1315 519 1604 571 LARIUM
1644 520 2047 572 ABBATHIAE
2084 520 2184 572 DE
2217 522 2591 574 WHITEBY.

684 701 960 765 persona
986 682 1069 747 ad
1098 685 1658 767 praesentationem
1687 685 1975 769 ipsorum
2004 685 2316 750 M’rorum
2350 686 2572 751 Briani
2601 691 2669 751 et
2700 686 2969 770 Georgii,

685 800 798 845 seu
860 782 1329 867 assignatorum
1387 804 1667 862 suorum,
1714 783 1796 847 ad
1855 804 2055 848 unam
2106 784 2214 848 vel
2266 784 2458 848 dictae
2515 785 2804 850 ecclesiae
2868 785 2969 849 vel

685 881 957 957 vicariae,
1015 883 1396 948 auctoritate
1462 883 1801 959 ordinaria,
1860 884 1983 948 rite
2042 884 2130 947 sit
2186 884 2485 961 admissa,
2544 884 2852 948 instituta
2909 889 2973 948 et

685 979 953 1044 inducta
981 1001 1130 1045 cum
1160 982 1349 1046 istius
1378 982 1780 1047 extinctione
1814 981 2227 1066 hujusmodi¹
2257 984 2582 1047 concessio
2611 984 2859 1047 nullius
2890 986 2975 1048 sit

684 1081 945 1163 penitus
988 1081 1224 1164 vigoris
1270 1087 1383 1145 aut
1427 1082 1758 1158 momenti,
1803 1082 1918 1146 sed
1968 1082 2230 1146 omnino
2279 1083 2367 1145 sit
2409 1103 2632 1159 vacua,
2677 1083 2863 1146 nulla
2909 1089 2975 1146 et

685 1179 989 1245 invalida.
1083 1180 1163 1243 In
1208 1181 1393 1263 cujus
1445 1181 1537 1244 rei
1588 1187 1732 1245 test.
1780 1181 1895 1265 sig.
1941 1188 2232 1245 nostrum
2285 1201 2627 1245 commune
2679 1182 2974 1264 partibus

687 1286 787 1343 est
837 1299 1209 1363 appensum.
1316 1281 1564 1343 Datum
1615 1280 1688 1343 in
1739 1280 1928 1344 domo
1981 1284 2200 1345 nostro
2249 1281 2628 1364 capitulari,
2673 1281 2824 1345 xiii⁰
2869 1281 2973 1346 die

688 1378 928 1442 mensis
985 1379 1032 1442 J
1035 1379 1192 1455 unii,
1241 1378 1321 1442 A.
1374 1378 1455 1442 D.
1510 1378 1855 1443 millesimo
1909 1380 2425 1464 quingentesimo
2478 1388 2613 1456 xv0,
2665 1386 2732 1443 et
2790 1380 2970 1463 regni

691 1477 881 1561 Regis
912 1477 1182 1542 Henrici
1211 1478 1444 1543 Octavi
1476 1478 1768 1561 septima

800 1663 1168 1731 CCCXCV.
1215 1665 1441 1730 Eum
1471 1664 1806 1730 Gnaooan
1839 1665 2036 1729 PAPAE
2065 1682 2137 1730 1x
2155 1665 2181 1704 ²
2209 1682 2295 1730 m:
2326 1680 2865 1730 cosmam-rmus

1429 1781 1758 1829 Eoomsna
1788 1781 1874 1828 mi·
1905 1764 2221 1830 Cnossnr.

779 1902 1124 1989 Gregorius
1167 1903 1380 1987 Ep'us,
1412 1924 1634 1968 servus
1680 1924 2007 1968 servorum
2052 1903 2199 1980 Dei,
2230 1901 2485 1968 dilectis
2527 1902 2698 1979 filiis,
2726 1902 2970 1967 Abbati

690 2006 756 2065 et
787 2001 983 2066 Oonv.
1017 2002 1248 2066 Mou'ii
1277 2003 1357 2066 de
1377 2003 1639 2079 Witebi,
1664 2003 1905 2067 ordinis
1937 2004 2010 2067 B.
2031 2002 2384 2079 Benedicti,
2414 2003 2599 2066 Ebor.
2632 2002 2971 2078 dioceseos,

689 2120 737 2164 s.
784 2105 850 2163 et
900 2099 1317 2184 apostolicam
1361 2100 1893 2166 benedictionem.
1987 2103 2154 2167 Cum
2199 2123 2238 2166 a
2282 2102 2468 2166 nobis
2511 2102 2756 2185 petitur
2799 2101 2972 2185 quod

683 2199 935 2281 justum
964 2204 1065 2263 est
1094 2206 1160 2263 et
1188 2199 1550 2276 honestum,
1580 2206 1717 2263 tam
1760 2199 1942 2284 vigor
1985 2200 2313 2284 aequitatis
2341 2221 2537 2284 quam
2582 2200 2737 2265 ordo
2767 2201 2969 2285 exigit

689 2298 954 2362 rationis
978 2305 1054 2362 ut
1082 2298 1151 2362 id
1180 2319 1293 2382 per
1321 2298 1827 2364 sollicitudinem
1858 2299 2052 2364 officii
2082 2301 2285 2364 nostri
2314 2301 2398 2364 ad
2419 2299 2712 2364 debitum
2740 2301 2969 2384 perdu-

688 2403 871 2462 catur
899 2398 1217 2463 effectum.
1305 2399 1674 2482 Eapropter,
1697 2398 1919 2464 dilecti
1949 2400 2020 2463 in
2049 2400 2331 2465 Domino
2361 2400 2496 2479 filii,
2520 2401 2752 2465 vestris
2774 2401 2970 2482 justis

691 2497 1233 2583 postulationibus
1276 2506 1456 2583 grato
1487 2504 1938 2565 concurrentes
1982 2520 2269 2579 assensu,
2298 2520 2600 2585 personas
2631 2506 2874 2565 vestras
2905 2504 2970 2564 et

691 2598 1011 2663 Mon’ium
1042 2598 1122 2663 de
1151 2598 1414 2676 Witebi,
1444 2598 1516 2661 in
1546 2619 1675 2682 quo
1705 2599 1928 2663 divino
1960 2600 2203 2664 vacatis
2234 2600 2558 2683 obsequi0,
2587 2619 2733 2663 cum
2763 2600 2967 2662 omni-

691 2699 813 2763 bus
856 2698 1042 2763 bonis
1089 2719 1235 2782 quae
1274 2697 1855 2782 impraesentiarum
1898 2698 2366 2764 rationabiliter
2408 2699 2710 2782 possidet,
2740 2704 2856 2762 aut
2898 2697 2966 2760 in

690 2798 982 2862 futurum
1020 2798 1217 2881 justis
1262 2798 1487 2875 modis,
1525 2803 1870 2881 praestante
1914 2797 2216 2875 Domino,
2245 2799 2483 2881 poterit
2527 2797 2817 2881 adipisci,
2846 2797 2965 2861 sub

690 2897 763 2960 B.
800 2897 978 2961 Petri
1020 2903 1086 2962 et
1128 2901 1347 2961 nostra
1391 2896 1785 2981 protectione
1829 2896 2235 2980 suscipimus.
2327 2897 2707 2981 Specialiter
2750 2902 2964 2960 autem

689 2994 1021 3059 libertates
1072 3002 1140 3060 et
1181 2996 1627 3060 immunitates
1688 2995 2090 3060 saecularium
2150 2997 2559 3061 exactionum
2583 3018 2642 3067 „a
2686 2996 2966 3080 Regibus

689 3099 756 3159 et
800 3094 1124 3159 nobilibus
1169 3095 1422 3179 Angliae
1480 3095 1667 3160 vobis
1718 3096 1831 3179 pia
1880 3095 2268 3161 liberalitate
2327 3116 2676 3174 concessas,
2720 3116 2968 3160 necnon

689 3200 908 3272 terrea,
936 3195 1371 3279 possessiones
1417 3200 1483 3260 et
1525 3193 1657 3259 alia
1683 3195 1854 3259 bona
1882 3215 2027 3279 quae
2054 3215 2170 3260 vos
2214 3196 2571 3280 proponitis
2604 3216 2684 3260 ex
2715 3214 2967 3258 conces-

691 3294 870 3358 sione
930 3293 1248 3359 Willelmi
1307 3293 1465 3358 dicti
1538 3295 1832 3371 FranceS‚
1891 3300 1956 3359 et
2015 3294 2287 3358 aliorum
2362 3294 2608 3359 Christi
2665 3293 2972 3369 fidelium,

689 3393 995 3458 canonice
1053 3401 1375 3457 assecutos
1400 3417 1416 3473 3
1489 3393 1827 3458 ecclesiam
1888 3415 2144 3479 quoque
2204 3394 2283 3459 de
2358 3395 2671 3478 Crosseby
2687 3393 2714 3433 ⁸
2773 3414 2968 3477 quam

690 3490 1074 3556 venerabilis
1132 3491 1328 3556 frater
1385 3498 1619 3570 noster,
1671 3493 2110 3559 Karleolensis
2169 3495 2384 3578 Ep’uS,
2428 3499 2830 3577 spectantem
2892 3492 2969 3557 ad

689 3592 923 3675 ipsum,
952 3610 1169 3653 annua
1210 3592 1504 3674 portione
1550 3597 1799 3676 septem
1845 3614 2201 3657 marcarum
2231 3602 2298 3659 et
2328 3594 2632 3671 dimidiae,
2663 3593 2968 3678 Sterling-

691 3709 892 3766 orum,
936 3692 1246 3772 perpetuo
1288 3689 1549 3754 Vicario
1590 3690 1705 3775 qui
1748 3712 1864 3775 pro
1908 3698 2195 3776 tempore
2239 3694 2308 3756 in
2353 3693 2578 3757 eadem
2622 3699 2853 3769 servet,
2889 3692 2966 3756 ad

691 3788 1226 3856 sustentationem
1254 3789 1338 3874 (p.
1365 3788 1429 3872 7)
1458 3810 1644 3854 suam
1674 3798 1740 3855 et
1769 3793 2106 3856 subeunda
2136 3792 2424 3878 ejusdem
2448 3792 2731 3857 ecclesiae
2763 3812 2970 3869 onera,

693 3892 772 3956 de
801 3890 1005 3975 ipsius
1035 3889 1453 3972 proventibus
1485 3889 1810 3974 deputata,
1844 3892 2132 3975 Capituli
2164 3892 2265 3955 sui
2297 3891 2626 3955 accidente
2656 3911 2970 3955 consensu

690 3991 818 4075 ipsi
864 3988 1255 4054 Monasterio
1305 3989 1379 4052 in
1427 4009 1583 4053 usus
1635 3988 1924 4073 proprios
1972 3990 2394 4068 retinendam,
2438 3991 2547 4073 pia
2598 3996 2663 4054 et
2706 3990 2972 4073 provida

689 4088 1076 4154 liberalitate
1107 4088 1456 4167 concessit3
1500 4087 1671 4152 sicut
1700 4109 1775 4153 ea
1804 4088 2022 4153 omnia
2060 4089 2238 4172 juste
2267 4110 2343 4153 ac
2371 4089 2636 4173 pacifice
2667 4089 2971 4154 obtinetis

689 4188 873 4252 vobis
903 4194 970 4252 et
1013 4187 1222 4252 eidem
1268 4188 1662 4252 Monasterio
1706 4208 1820 4271 per
1854 4209 1969 4253 vos
2014 4189 2397 4253 auctoritate
2441 4188 2793 4272 apostolica
2824 4208 2970 4252 con·

761 4310 781 4344 ¹
817 4312 929 4363 The
954 4311 1308 4364 contr-actions
1329 4311 1455 4362 here
1480 4329 1567 4363 are
1592 4329 1653 4364 so
1675 4311 1969 4373 uncertain,
1998 4313 2105 4364 and
2129 4313 2224 4365 the
2248 4313 2465 4380 writing
2499 4329 2558 4364 so
2580 4312 2822 4374 careless,
2850 4311 2970 4362 that

688 4392 735 4443 it
760 4393 805 4443 is
828 4393 1132 4459 impossible
1154 4398 1214 4445 to
1236 4409 1443 4445 ”sume
1467 4395 1590 4446 that
1612 4394 1708 4446 the
1732 4394 1949 4462 reading
1969 4394 2126 4462 given
2151 4395 2197 4446 is
2220 4399 2440 4447 correct.

761 4472 783 4506 ²
823 4477 1065 4529 1227·41.
2216 4476 2239 4511 ³
2278 4479 2539 4543 Orweby.
