<?xml version="1.0" encoding="UTF-8"?>
<!DOCTYPE html PUBLIC "-//W3C//DTD XHTML 1.0 Transitional//EN"
    "http://www.w3.org/TR/xhtml1/DTD/xhtml1-transitional.dtd">
<html xmlns="http://www.w3.org/1999/xhtml" xml:lang="en" lang="en">
 <head>
  <title>
</title>
<meta http-equiv="Content-Type" content="text/html;charset=utf-8" />
  <meta name='ocr-system' content='tesseract 3.04.00' />
  <meta name='ocr-capabilities' content='ocr_page ocr_carea ocr_par ocr_line ocrx_word'/>
</head>
<body>
  <div class='ocr_page' id='page_1' title='image "./cartulariumabba01atkigoog_0374.png"; bbox 0 0 3285 5121; ppageno 0'>
   <div class='ocr_carea' id='block_1_1' title="bbox 617 493 2514 556">
    <p class='ocr_par' dir='ltr' id='par_1_1' title="bbox 617 493 2514 556">
     <span class='ocr_line' id='line_1_1' title="bbox 617 493 2514 556; baseline 0 -3"><span class='ocrx_word' id='word_1_1' title='bbox 617 493 739 553; x_wconf 83' lang='lat'><strong>278</strong></span> <span class='ocrx_word' id='word_1_2' title='bbox 976 503 1522 555; x_wconf 78' lang='lat' dir='ltr'>CARTULARIUM</span> <span class='ocrx_word' id='word_1_3' title='bbox 1557 502 1971 556; x_wconf 78' lang='lat' dir='ltr'><strong>ABBATHIAE</strong></span> <span class='ocrx_word' id='word_1_4' title='bbox 2005 502 2104 553; x_wconf 78' lang='lat' dir='ltr'><strong>DE</strong></span> <span class='ocrx_word' id='word_1_5' title='bbox 2137 502 2514 554; x_wconf 73' lang='lat' dir='ltr'>WHITEBY.</span> 
     </span>
    </p>
   </div>
   <div class='ocr_carea' id='block_1_2' title="bbox 602 664 2905 4426">
    <p class='ocr_par' dir='ltr' id='par_1_2' title="bbox 602 664 2905 4426">
     <span class='ocr_line' id='line_1_2' title="bbox 610 664 2905 752; baseline -0.002 -19"><span class='ocrx_word' id='word_1_6' title='bbox 610 669 810 733; x_wconf 86' lang='lat' dir='ltr'><strong>Conv.</strong></span> <span class='ocrx_word' id='word_1_7' title='bbox 843 668 925 733; x_wconf 89' lang='lat' dir='ltr'><strong>de</strong></span> <span class='ocrx_word' id='word_1_8' title='bbox 955 668 1484 752; x_wconf 82' lang='lat' dir='ltr'><strong>Coniugesheved</strong></span> <span class='ocrx_word' id='word_1_9' title='bbox 1512 667 1886 751; x_wconf 84' lang='lat' dir='ltr'><strong>praedictam</strong></span> <span class='ocrx_word' id='word_1_10' title='bbox 1931 667 2266 733; x_wconf 89' lang='lat' dir='ltr'><strong>ecclesiam</strong></span> <span class='ocrx_word' id='word_1_11' title='bbox 2293 666 2375 731; x_wconf 88' lang='lat' dir='ltr'><strong>de</strong></span> <span class='ocrx_word' id='word_1_12' title='bbox 2404 666 2688 731; x_wconf 81' lang='lat' dir='ltr'><strong>Overton</strong></span> <span class='ocrx_word' id='word_1_13' title='bbox 2734 664 2905 728; x_wconf 84' lang='lat' dir='ltr'><strong>alias</strong></span> 
     </span>
     <span class='ocr_line' id='line_1_3' title="bbox 613 764 2904 852; baseline -0.002 -21"><span class='ocrx_word' id='word_1_14' title='bbox 613 769 907 851; x_wconf 85' lang='lat' dir='ltr'><strong>Overyge</strong></span> <span class='ocrx_word' id='word_1_15' title='bbox 935 767 1383 852; x_wconf 79' lang='lat' dir='ltr'><strong>parochialem,</strong></span> <span class='ocrx_word' id='word_1_16' title='bbox 1413 787 1563 831; x_wconf 92' lang='lat' dir='ltr'><strong>cum</strong></span> <span class='ocrx_word' id='word_1_17' title='bbox 1592 767 1893 832; x_wconf 91' lang='lat' dir='ltr'><strong>omnibus</strong></span> <span class='ocrx_word' id='word_1_18' title='bbox 1930 768 2064 832; x_wconf 88' lang='lat' dir='ltr'><strong>suis</strong></span> <span class='ocrx_word' id='word_1_19' title='bbox 2086 766 2344 851; x_wconf 83' lang='lat' dir='ltr'><strong>juribus</strong></span> <span class='ocrx_word' id='word_1_20' title='bbox 2372 773 2441 830; x_wconf 91' lang='lat' dir='ltr'><strong>et</strong></span> <span class='ocrx_word' id='word_1_21' title='bbox 2467 764 2904 849; x_wconf 84' lang='lat' dir='ltr'><strong>pertinentiis,</strong></span> 
     </span>
     <span class='ocr_line' id='line_1_4' title="bbox 609 866 2904 951; baseline -0.002 -20"><span class='ocrx_word' id='word_1_22' title='bbox 609 868 682 931; x_wconf 93' lang='lat' dir='ltr'><strong>in</strong></span> <span class='ocrx_word' id='word_1_23' title='bbox 704 867 996 951; x_wconf 84' lang='lat' dir='ltr'><strong>proprios</strong></span> <span class='ocrx_word' id='word_1_24' title='bbox 1012 886 1169 931; x_wconf 83' lang='lat' dir='ltr'><strong>usus</strong></span> <span class='ocrx_word' id='word_1_25' title='bbox 1190 866 1475 931; x_wconf 77' lang='lat' dir='ltr'><strong>habeant</strong></span> <span class='ocrx_word' id='word_1_26' title='bbox 1495 871 1560 931; x_wconf 92' lang='lat' dir='ltr'><strong>et</strong></span> <span class='ocrx_word' id='word_1_27' title='bbox 1581 872 1849 930; x_wconf 75' lang='lat' dir='ltr'><strong>teneant</strong></span> <span class='ocrx_word' id='word_1_28' title='bbox 1874 866 2369 950; x_wconf 81' lang='lat' dir='ltr'><strong>imperpetuum,</strong></span> <span class='ocrx_word' id='word_1_29' title='bbox 2390 885 2645 929; x_wconf 86' lang='lat' dir='ltr'><strong>necnon</strong></span> <span class='ocrx_word' id='word_1_30' title='bbox 2673 883 2904 928; x_wconf 78' lang='lat' dir='ltr'><strong>omnes</strong></span> 
     </span>
     <span class='ocr_line' id='line_1_5' title="bbox 615 963 2903 1049; baseline -0.002 -18"><span class='ocrx_word' id='word_1_31' title='bbox 615 966 913 1044; x_wconf 87' lang='lat' dir='ltr'><strong>decimas,</strong></span> <span class='ocrx_word' id='word_1_32' title='bbox 935 973 1072 1031; x_wconf 89' lang='lat' dir='ltr'><strong>tam</strong></span> <span class='ocrx_word' id='word_1_33' title='bbox 1102 966 1372 1049; x_wconf 87' lang='lat' dir='ltr'><strong>majores</strong></span> <span class='ocrx_word' id='word_1_34' title='bbox 1395 986 1593 1048; x_wconf 90' lang='lat' dir='ltr'><strong>quam</strong></span> <span class='ocrx_word' id='word_1_35' title='bbox 1621 964 1919 1043; x_wconf 89' lang='lat' dir='ltr'><strong>minores,</strong></span> <span class='ocrx_word' id='word_1_36' title='bbox 1942 965 2025 1031; x_wconf 91' lang='lat' dir='ltr'><strong>de</strong></span> <span class='ocrx_word' id='word_1_37' title='bbox 2046 965 2221 1029; x_wconf 85' lang='lat' dir='ltr'><strong>villis</strong></span> <span class='ocrx_word' id='word_1_38' title='bbox 2252 964 2388 1049; x_wconf 88' lang='lat' dir='ltr'><strong>[de]</strong></span> <span class='ocrx_word' id='word_1_39' title='bbox 2419 964 2704 1029; x_wconf 81' lang='lat' dir='ltr'><strong>Overton</strong></span> <span class='ocrx_word' id='word_1_40' title='bbox 2734 963 2903 1026; x_wconf 86' lang='lat' dir='ltr'><strong>alias</strong></span> 
     </span>
     <span class='ocr_line' id='line_1_6' title="bbox 615 1063 2905 1149; baseline -0.002 -20"><span class='ocrx_word' id='word_1_41' title='bbox 615 1066 927 1148; x_wconf 83' lang='lat' dir='ltr'><strong>Overyge,</strong></span> <span class='ocrx_word' id='word_1_42' title='bbox 949 1064 1326 1147; x_wconf 85' lang='lat' dir='ltr'><strong>Bogesfelle,</strong></span> <span class='ocrx_word' id='word_1_43' title='bbox 1348 1063 1708 1140; x_wconf 88' lang='lat' dir='ltr'><strong>Keldlithe,</strong></span> <span class='ocrx_word' id='word_1_44' title='bbox 1732 1065 2271 1149; x_wconf 82' lang='lat' dir='ltr'><strong>Sunnebygynge,</strong></span> <span class='ocrx_word' id='word_1_45' title='bbox 2290 1063 2665 1140; x_wconf 86' lang='lat' dir='ltr'><strong>Reisebeke,</strong></span> <span class='ocrx_word' id='word_1_46' title='bbox 2686 1063 2905 1145; x_wconf 76' lang='lat' dir='ltr'><strong>ng-</strong></span> 
     </span>
     <span class='ocr_line' id='line_1_7' title="bbox 613 1160 2902 1247; baseline -0.001 -20"><span class='ocrx_word' id='word_1_47' title='bbox 613 1163 737 1241; x_wconf 88' lang='lat' dir='ltr'><strong>dal,</strong></span> <span class='ocrx_word' id='word_1_48' title='bbox 767 1164 1018 1247; x_wconf 87' lang='lat' dir='ltr'><strong>Tilbay,</strong></span> <span class='ocrx_word' id='word_1_49' title='bbox 1048 1163 1570 1240; x_wconf 84' lang='lat' dir='ltr'><strong>Rennestwathe,</strong></span> <span class='ocrx_word' id='word_1_50' title='bbox 1600 1163 2036 1247; x_wconf 85' lang='lat' dir='ltr'><strong>Scalesparke,</strong></span> <span class='ocrx_word' id='word_1_51' title='bbox 2065 1162 2397 1246; x_wconf 82' lang='lat' dir='ltr'><strong>Ellergille</strong></span> <span class='ocrx_word' id='word_1_52' title='bbox 2424 1168 2491 1227; x_wconf 92' lang='lat' dir='ltr'><strong>et</strong></span> <span class='ocrx_word' id='word_1_53' title='bbox 2521 1160 2902 1245; x_wconf 82' lang='lat' dir='ltr'><strong>Gassegille,</strong></span> 
     </span>
     <span class='ocr_line' id='line_1_8' title="bbox 613 1261 2902 1346; baseline -0.002 -19"><span class='ocrx_word' id='word_1_54' title='bbox 613 1284 686 1327; x_wconf 91' lang='lat' dir='ltr'><strong>ac</strong></span> <span class='ocrx_word' id='word_1_55' title='bbox 710 1263 789 1327; x_wconf 92' lang='lat' dir='ltr'><strong>de</strong></span> <span class='ocrx_word' id='word_1_56' title='bbox 810 1262 1015 1340; x_wconf 90' lang='lat' dir='ltr'><strong>terris,</strong></span> <span class='ocrx_word' id='word_1_57' title='bbox 1039 1263 1302 1344; x_wconf 89' lang='lat' dir='ltr'><strong>campis,</strong></span> <span class='ocrx_word' id='word_1_58' title='bbox 1321 1263 1851 1346; x_wconf 87' lang='lat' dir='ltr'><strong>possessionibus,</strong></span> <span class='ocrx_word' id='word_1_59' title='bbox 1874 1262 2164 1338; x_wconf 88' lang='lat' dir='ltr'><strong>culturis,</strong></span> <span class='ocrx_word' id='word_1_60' title='bbox 2185 1262 2391 1338; x_wconf 84' lang='lat' dir='ltr'><strong>rebus,</strong></span> <span class='ocrx_word' id='word_1_61' title='bbox 2412 1261 2808 1325; x_wconf 78' lang='lat' dir='ltr'><strong>animalibus</strong></span> <span class='ocrx_word' id='word_1_62' title='bbox 2830 1266 2902 1323; x_wconf 90' lang='lat' dir='ltr'><strong>et</strong></span> 
     </span>
     <span class='ocr_line' id='line_1_9' title="bbox 612 1360 2902 1446; baseline -0.002 -19"><span class='ocrx_word' id='word_1_63' title='bbox 612 1362 901 1445; x_wconf 87' lang='lat' dir='ltr'><strong>personis</strong></span> <span class='ocrx_word' id='word_1_64' title='bbox 918 1360 1266 1426; x_wconf 90' lang='lat' dir='ltr'><strong>earundem</strong></span> <span class='ocrx_word' id='word_1_65' title='bbox 1281 1361 1588 1426; x_wconf 86' lang='lat' dir='ltr'><strong>villarum</strong></span> <span class='ocrx_word' id='word_1_66' title='bbox 1608 1360 2087 1446; x_wconf 82' lang='lat' dir='ltr'><strong>imperpetuum</strong></span> <span class='ocrx_word' id='word_1_67' title='bbox 2106 1361 2497 1445; x_wconf 82' lang='lat' dir='ltr'><strong>possideant,</strong></span> <span class='ocrx_word' id='word_1_68' title='bbox 2512 1360 2902 1443; x_wconf 81' lang='lat' dir='ltr'><strong>percipiant,</strong></span> 
     </span>
     <span class='ocr_line' id='line_1_10' title="bbox 611 1460 2902 1545; baseline -0.001 -20"><span class='ocrx_word' id='word_1_69' title='bbox 611 1466 678 1525; x_wconf 90' lang='lat' dir='ltr'><strong>et</strong></span> <span class='ocrx_word' id='word_1_70' title='bbox 708 1460 787 1526; x_wconf 91' lang='lat' dir='ltr'><strong>de</strong></span> <span class='ocrx_word' id='word_1_71' title='bbox 817 1461 908 1526; x_wconf 90' lang='lat' dir='ltr'><strong>eis</strong></span> <span class='ocrx_word' id='word_1_72' title='bbox 938 1481 1053 1544; x_wconf 91' lang='lat' dir='ltr'><strong>pro</strong></span> <span class='ocrx_word' id='word_1_73' title='bbox 1083 1481 1216 1526; x_wconf 79' lang='lat' dir='ltr'><strong>suae</strong></span> <span class='ocrx_word' id='word_1_74' title='bbox 1243 1460 1432 1525; x_wconf 90' lang='lat' dir='ltr'><strong>libito</strong></span> <span class='ocrx_word' id='word_1_75' title='bbox 1461 1460 1818 1525; x_wconf 83' lang='lat' dir='ltr'><strong>voluntatis</strong></span> <span class='ocrx_word' id='word_1_76' title='bbox 1848 1461 2198 1545; x_wconf 76' lang='lat' dir='ltr'><strong>disponant</strong></span> <span class='ocrx_word' id='word_1_77' title='bbox 2225 1460 2504 1543; x_wconf 78' lang='lat' dir='ltr'><strong>pacifice,</strong></span> <span class='ocrx_word' id='word_1_78' title='bbox 2532 1460 2801 1543; x_wconf 84' lang='lat' dir='ltr'><strong>integre,</strong></span> <span class='ocrx_word' id='word_1_79' title='bbox 2831 1465 2902 1522; x_wconf 88' lang='lat' dir='ltr'><strong>et</strong></span> 
     </span>
     <span class='ocr_line' id='line_1_11' title="bbox 610 1557 2902 1645; baseline -0.001 -21"><span class='ocrx_word' id='word_1_80' title='bbox 610 1560 1123 1645; x_wconf 82' lang='lat' dir='ltr'><strong>irrefragabiter,</strong></span> <span class='ocrx_word' id='word_1_81' title='bbox 1097 1580 1259 1644; x_wconf 83' lang='lat' dir='ltr'><strong>Jure,</strong></span> <span class='ocrx_word' id='word_1_82' title='bbox 1269 1559 1519 1638; x_wconf 88' lang='lat' dir='ltr'><strong>clamio,</strong></span> <span class='ocrx_word' id='word_1_83' title='bbox 1527 1561 1776 1625; x_wconf 86' lang='lat' dir='ltr'><strong>actione</strong></span> <span class='ocrx_word' id='word_1_84' title='bbox 1780 1561 2139 1644; x_wconf 89' lang='lat' dir='ltr'><strong>p,etitione,</strong></span> <span class='ocrx_word' id='word_1_85' title='bbox 2145 1559 2611 1645; x_wconf 82' lang='lat' dir='ltr'><strong>prosecutione,</strong></span> <span class='ocrx_word' id='word_1_86' title='bbox 2618 1557 2902 1642; x_wconf 84' lang='lat' dir='ltr'><strong>querela,</strong></span> 
     </span>
     <span class='ocr_line' id='line_1_12' title="bbox 613 1657 2897 1725; baseline -0.001 -2"><span class='ocrx_word' id='word_1_87' title='bbox 613 1659 929 1725; x_wconf 89' lang='lat' dir='ltr'><strong>demanda</strong></span> <span class='ocrx_word' id='word_1_88' title='bbox 950 1664 1064 1724; x_wconf 88' lang='lat' dir='ltr'><strong>aut</strong></span> <span class='ocrx_word' id='word_1_89' title='bbox 1083 1659 1588 1725; x_wconf 84' lang='lat' dir='ltr'><strong>contradictione</strong></span> <span class='ocrx_word' id='word_1_90' title='bbox 1605 1659 1927 1723; x_wconf 88' lang='lat' dir='ltr'><strong>dictorum</strong></span> <span class='ocrx_word' id='word_1_91' title='bbox 1941 1659 2220 1723; x_wconf 85' lang='lat' dir='ltr'><strong>Abbatis</strong></span> <span class='ocrx_word' id='word_1_92' title='bbox 2238 1664 2305 1722; x_wconf 93' lang='lat' dir='ltr'><strong>et</strong></span> <span class='ocrx_word' id='word_1_93' title='bbox 2322 1659 2521 1724; x_wconf 83' lang='lat' dir='ltr'><strong>Conv.</strong></span> <span class='ocrx_word' id='word_1_94' title='bbox 2540 1657 2623 1723; x_wconf 91' lang='lat' dir='ltr'><strong>de</strong></span> <span class='ocrx_word' id='word_1_95' title='bbox 2640 1657 2897 1721; x_wconf 89' lang='lat' dir='ltr'><strong>White·</strong></span> 
     </span>
     <span class='ocr_line' id='line_1_13' title="bbox 610 1756 2899 1842; baseline -0.001 -19"><span class='ocrx_word' id='word_1_96' title='bbox 610 1759 698 1840; x_wconf 91' lang='lat' dir='ltr'><strong>by</strong></span> <span class='ocrx_word' id='word_1_97' title='bbox 718 1760 1232 1842; x_wconf 87' lang='lat' dir='ltr'><strong>quibuscunque,</strong></span> <span class='ocrx_word' id='word_1_98' title='bbox 1249 1779 1551 1824; x_wconf 87' lang='lat' dir='ltr'><strong>eorumve</strong></span> <span class='ocrx_word' id='word_1_99' title='bbox 1570 1778 2025 1836; x_wconf 88' lang='lat' dir='ltr'><strong>successorum,</strong></span> <span class='ocrx_word' id='word_1_100' title='bbox 2042 1778 2236 1842; x_wconf 88' lang='lat' dir='ltr'><strong>super</strong></span> <span class='ocrx_word' id='word_1_101' title='bbox 2249 1762 2602 1822; x_wconf 84' lang='lat' dir='ltr'><strong>memorata</strong></span> <span class='ocrx_word' id='word_1_102' title='bbox 2622 1756 2899 1821; x_wconf 70' lang='lat' dir='ltr'><strong>eccloeia</strong></span> 
     </span>
     <span class='ocr_line' id='line_1_14' title="bbox 610 1856 2894 1942; baseline -0.001 -21"><span class='ocrx_word' id='word_1_103' title='bbox 610 1858 692 1922; x_wconf 92' lang='lat' dir='ltr'><strong>de</strong></span> <span class='ocrx_word' id='word_1_104' title='bbox 715 1858 999 1923; x_wconf 89' lang='lat' dir='ltr'><strong>Overton</strong></span> <span class='ocrx_word' id='word_1_105' title='bbox 1023 1858 1180 1922; x_wconf 87' lang='lat' dir='ltr'><strong>alias</strong></span> <span class='ocrx_word' id='word_1_106' title='bbox 1205 1859 1514 1942; x_wconf 86' lang='lat' dir='ltr'><strong>Overyge,</strong></span> <span class='ocrx_word' id='word_1_107' title='bbox 1536 1865 1651 1923; x_wconf 89' lang='lat' dir='ltr'><strong>aut</strong></span> <span class='ocrx_word' id='word_1_108' title='bbox 1671 1858 2043 1923; x_wconf 89' lang='lat' dir='ltr'><strong>memoratis</strong></span> <span class='ocrx_word' id='word_1_109' title='bbox 2067 1857 2353 1934; x_wconf 88' lang='lat' dir='ltr'><strong>decimis,</strong></span> <span class='ocrx_word' id='word_1_110' title='bbox 2373 1856 2483 1921; x_wconf 85' lang='lat' dir='ltr'><strong>vel</strong></span> <span class='ocrx_word' id='word_1_111' title='bbox 2504 1876 2894 1940; x_wconf 90' lang='lat' dir='ltr'><strong>quacunque</strong></span> 
     </span>
     <span class='ocr_line' id='line_1_15' title="bbox 609 1955 2893 2040; baseline -0 -20"><span class='ocrx_word' id='word_1_112' title='bbox 609 1962 790 2039; x_wconf 85' lang='lat' dir='ltr'><strong>parte</strong></span> <span class='ocrx_word' id='word_1_113' title='bbox 820 1956 1181 2033; x_wconf 90' lang='lat' dir='ltr'><strong>earundem,</strong></span> <span class='ocrx_word' id='word_1_114' title='bbox 1212 1977 1619 2040; x_wconf 86' lang='lat' dir='ltr'><strong>nequaquam</strong></span> <span class='ocrx_word' id='word_1_115' title='bbox 1652 1958 1904 2021; x_wconf 88' lang='lat' dir='ltr'><strong>obstare</strong></span> <span class='ocrx_word' id='word_1_116' title='bbox 1933 1956 2299 2021; x_wconf 88' lang='lat' dir='ltr'><strong>valentibus</strong></span> <span class='ocrx_word' id='word_1_117' title='bbox 2328 1976 2537 2039; x_wconf 88' lang='lat' dir='ltr'><strong>neque</strong></span> <span class='ocrx_word' id='word_1_118' title='bbox 2573 1955 2893 2038; x_wconf 80' lang='lat' dir='ltr'><strong>imperpe-</strong></span> 
     </span>
     <span class='ocr_line' id='line_1_16' title="bbox 610 2054 2895 2139; baseline 0 -21"><span class='ocrx_word' id='word_1_119' title='bbox 610 2062 799 2118; x_wconf 88' lang='lat' dir='ltr'><strong>tuum</strong></span> <span class='ocrx_word' id='word_1_120' title='bbox 816 2055 1111 2118; x_wconf 85' lang='lat' dir='ltr'><strong>valituris</strong></span> <span class='ocrx_word' id='word_1_121' title='bbox 1120 2078 1137 2132; x_wconf 93' lang='lat'>;</span> <span class='ocrx_word' id='word_1_122' title='bbox 1162 2055 1336 2137; x_wconf 90' lang='lat' dir='ltr'><strong>quod</strong></span> <span class='ocrx_word' id='word_1_123' title='bbox 1353 2054 1619 2138; x_wconf 90' lang='lat' dir='ltr'><strong>quidem</strong></span> <span class='ocrx_word' id='word_1_124' title='bbox 1635 2056 1860 2120; x_wconf 88' lang='lat' dir='ltr'><strong>Abbas</strong></span> <span class='ocrx_word' id='word_1_125' title='bbox 1878 2063 1945 2121; x_wconf 90' lang='lat' dir='ltr'><strong>et</strong></span> <span class='ocrx_word' id='word_1_126' title='bbox 1962 2057 2161 2121; x_wconf 83' lang='lat' dir='ltr'><strong>Conv.</strong></span> <span class='ocrx_word' id='word_1_127' title='bbox 2172 2055 2253 2120; x_wconf 88' lang='lat' dir='ltr'><strong>de</strong></span> <span class='ocrx_word' id='word_1_128' title='bbox 2270 2054 2582 2139; x_wconf 81' lang='lat' dir='ltr'><strong>Whiteby</strong></span> <span class='ocrx_word' id='word_1_129' title='bbox 2599 2055 2895 2138; x_wconf 81' lang='lat' dir='ltr'><strong>praedicti</strong></span> 
     </span>
     <span class='ocr_line' id='line_1_17' title="bbox 608 2152 2889 2239; baseline 0 -22"><span class='ocrx_word' id='word_1_130' title='bbox 608 2153 863 2234; x_wconf 87' lang='lat' dir='ltr'><strong>scripta,</strong></span> <span class='ocrx_word' id='word_1_131' title='bbox 893 2152 1268 2229; x_wconf 87' lang='lat' dir='ltr'><strong>evidentias,</strong></span> <span class='ocrx_word' id='word_1_132' title='bbox 1295 2160 1719 2218; x_wconf 87' lang='lat' dir='ltr'><strong>monumenta</strong></span> <span class='ocrx_word' id='word_1_133' title='bbox 1762 2155 1981 2218; x_wconf 90' lang='lat' dir='ltr'><strong>omnia</strong></span> <span class='ocrx_word' id='word_1_134' title='bbox 2024 2162 2092 2219; x_wconf 89' lang='lat' dir='ltr'><strong>et</strong></span> <span class='ocrx_word' id='word_1_135' title='bbox 2131 2154 2388 2239; x_wconf 85' lang='lat' dir='ltr'><strong>singula</strong></span> <span class='ocrx_word' id='word_1_136' title='bbox 2433 2155 2609 2239; x_wconf 92' lang='lat'>(107)</span> <span class='ocrx_word' id='word_1_137' title='bbox 2644 2154 2889 2218; x_wconf 88' lang='lat' dir='ltr'><strong>dictam</strong></span> 
     </span>
     <span class='ocr_line' id='line_1_18' title="bbox 609 2250 2894 2339; baseline 0.001 -24"><span class='ocrx_word' id='word_1_138' title='bbox 609 2250 946 2315; x_wconf 89' lang='lat' dir='ltr'><strong>ecclesiam</strong></span> <span class='ocrx_word' id='word_1_139' title='bbox 974 2250 1055 2315; x_wconf 91' lang='lat' dir='ltr'><strong>de</strong></span> <span class='ocrx_word' id='word_1_140' title='bbox 1075 2251 1361 2315; x_wconf 88' lang='lat' dir='ltr'><strong>Overton</strong></span> <span class='ocrx_word' id='word_1_141' title='bbox 1389 2250 1551 2316; x_wconf 86' lang='lat' dir='ltr'><strong>alias</strong></span> <span class='ocrx_word' id='word_1_142' title='bbox 1583 2251 1894 2338; x_wconf 82' lang='lat' dir='ltr'><strong>Overyge,</strong></span> <span class='ocrx_word' id='word_1_143' title='bbox 1922 2260 2038 2318; x_wconf 88' lang='lat' dir='ltr'><strong>aut</strong></span> <span class='ocrx_word' id='word_1_144' title='bbox 2068 2254 2346 2319; x_wconf 82' lang='lat' dir='ltr'><strong>decimas</strong></span> <span class='ocrx_word' id='word_1_145' title='bbox 2374 2254 2894 2339; x_wconf 67' lang='lat' dir='ltr'><strong>praescriptarum</strong></span> 
     </span>
     <span class='ocr_line' id='line_1_19' title="bbox 609 2350 2896 2436; baseline 0.001 -22"><span class='ocrx_word' id='word_1_146' title='bbox 609 2350 914 2414; x_wconf 89' lang='lat' dir='ltr'><strong>villarum</strong></span> <span class='ocrx_word' id='word_1_147' title='bbox 940 2354 1202 2414; x_wconf 89' lang='lat' dir='ltr'><strong>tantum</strong></span> <span class='ocrx_word' id='word_1_148' title='bbox 1229 2352 1579 2435; x_wconf 85' lang='lat' dir='ltr'><strong>tangentia,</strong></span> <span class='ocrx_word' id='word_1_149' title='bbox 1608 2372 1755 2434; x_wconf 79' lang='lat' dir='ltr'><strong>quae</strong></span> <span class='ocrx_word' id='word_1_150' title='bbox 1776 2372 1973 2436; x_wconf 89' lang='lat' dir='ltr'><strong>penes</strong></span> <span class='ocrx_word' id='word_1_151' title='bbox 2003 2374 2113 2418; x_wconf 90' lang='lat' dir='ltr'><strong>eos</strong></span> <span class='ocrx_word' id='word_1_152' title='bbox 2133 2353 2415 2419; x_wconf 86' lang='lat' dir='ltr'><strong>resident</strong></span> <span class='ocrx_word' id='word_1_153' title='bbox 2443 2353 2552 2417; x_wconf 82' lang='lat' dir='ltr'><strong>vel</strong></span> <span class='ocrx_word' id='word_1_154' title='bbox 2579 2352 2896 2430; x_wconf 78' lang='lat' dir='ltr'><strong>existunt,</strong></span> 
     </span>
     <span class='ocr_line' id='line_1_20' title="bbox 605 2449 2894 2535; baseline 0 -21"><span class='ocrx_word' id='word_1_155' title='bbox 605 2450 892 2533; x_wconf 84' lang='lat' dir='ltr'><strong>praefatis</strong></span> <span class='ocrx_word' id='word_1_156' title='bbox 922 2449 1129 2514; x_wconf 90' lang='lat' dir='ltr'><strong>Priori</strong></span> <span class='ocrx_word' id='word_1_157' title='bbox 1173 2454 1241 2514; x_wconf 89' lang='lat' dir='ltr'><strong>et</strong></span> <span class='ocrx_word' id='word_1_158' title='bbox 1284 2451 1482 2517; x_wconf 82' lang='lat' dir='ltr'><strong>Conv,</strong></span> <span class='ocrx_word' id='word_1_159' title='bbox 1529 2450 1609 2515; x_wconf 92' lang='lat' dir='ltr'><strong>de</strong></span> <span class='ocrx_word' id='word_1_160' title='bbox 1655 2451 2103 2535; x_wconf 84' lang='lat' dir='ltr'><strong>Coniugeshed</strong></span> <span class='ocrx_word' id='word_1_161' title='bbox 2145 2453 2315 2518; x_wconf 90' lang='lat' dir='ltr'><strong>bona</strong></span> <span class='ocrx_word' id='word_1_162' title='bbox 2356 2451 2483 2516; x_wconf 90' lang='lat' dir='ltr'><strong>fide</strong></span> <span class='ocrx_word' id='word_1_163' title='bbox 2524 2452 2894 2529; x_wconf 85' lang='lat' dir='ltr'><strong>restituant,</strong></span> 
     </span>
     <span class='ocr_line' id='line_1_21' title="bbox 603 2550 2893 2637; baseline -0.001 -20"><span class='ocrx_word' id='word_1_164' title='bbox 603 2551 884 2617; x_wconf 89' lang='lat' dir='ltr'><strong>liberent</strong></span> <span class='ocrx_word' id='word_1_165' title='bbox 900 2550 925 2590; x_wconf 83' lang='lat'>¹</span> <span class='ocrx_word' id='word_1_166' title='bbox 984 2551 1122 2616; x_wconf 85' lang='lat' dir='ltr'><strong>sive</strong></span> <span class='ocrx_word' id='word_1_167' title='bbox 1179 2551 1468 2629; x_wconf 88' lang='lat' dir='ltr'><strong>reddent,</strong></span> <span class='ocrx_word' id='word_1_168' title='bbox 1519 2572 1666 2634; x_wconf 85' lang='lat' dir='ltr'><strong>quae</strong></span> <span class='ocrx_word' id='word_1_169' title='bbox 1723 2551 1940 2616; x_wconf 90' lang='lat' dir='ltr'><strong>omnia</strong></span> <span class='ocrx_word' id='word_1_170' title='bbox 1998 2556 2066 2616; x_wconf 89' lang='lat' dir='ltr'><strong>et</strong></span> <span class='ocrx_word' id='word_1_171' title='bbox 2123 2551 2394 2637; x_wconf 84' lang='lat' dir='ltr'><strong>singula,</strong></span> <span class='ocrx_word' id='word_1_172' title='bbox 2445 2551 2657 2636; x_wconf 87' lang='lat' dir='ltr'><strong>quoad</strong></span> <span class='ocrx_word' id='word_1_173' title='bbox 2712 2550 2893 2635; x_wconf 89' lang='lat' dir='ltr'><strong>ipsos</strong></span> 
     </span>
     <span class='ocr_line' id='line_1_22' title="bbox 608 2651 2893 2736; baseline -0 -19"><span class='ocrx_word' id='word_1_174' title='bbox 608 2653 934 2718; x_wconf 90' lang='lat' dir='ltr'><strong>Abbatem</strong></span> <span class='ocrx_word' id='word_1_175' title='bbox 978 2658 1044 2717; x_wconf 93' lang='lat' dir='ltr'><strong>et</strong></span> <span class='ocrx_word' id='word_1_176' title='bbox 1087 2652 1284 2718; x_wconf 81' lang='lat' dir='ltr'><strong>Conv,</strong></span> <span class='ocrx_word' id='word_1_177' title='bbox 1335 2652 1414 2717; x_wconf 91' lang='lat' dir='ltr'><strong>de</strong></span> <span class='ocrx_word' id='word_1_178' title='bbox 1444 2651 1774 2736; x_wconf 87' lang='lat' dir='ltr'><strong>Whiteby‚</strong></span> <span class='ocrx_word' id='word_1_179' title='bbox 1819 2672 2039 2717; x_wconf 88' lang='lat' dir='ltr'><strong>eorum</strong></span> <span class='ocrx_word' id='word_1_180' title='bbox 2081 2652 2506 2730; x_wconf 92' lang='lat' dir='ltr'><strong>commodum,</strong></span> <span class='ocrx_word' id='word_1_181' title='bbox 2534 2652 2893 2716; x_wconf 85' lang='lat' dir='ltr'><strong>utilitatem</strong></span> 
     </span>
     <span class='ocr_line' id='line_1_23' title="bbox 606 2751 2889 2837; baseline -0.001 -19"><span class='ocrx_word' id='word_1_182' title='bbox 606 2758 673 2818; x_wconf 90' lang='lat' dir='ltr'><strong>et</strong></span> <span class='ocrx_word' id='word_1_183' title='bbox 715 2754 1093 2837; x_wconf 89' lang='lat' dir='ltr'><strong>profectum,</strong></span> <span class='ocrx_word' id='word_1_184' title='bbox 1124 2772 1206 2815; x_wconf 83' lang='lat' dir='ltr'><strong>ex</strong></span> <span class='ocrx_word' id='word_1_185' title='bbox 1248 2771 1423 2815; x_wconf 89' lang='lat' dir='ltr'><strong>nunc</strong></span> <span class='ocrx_word' id='word_1_186' title='bbox 1466 2770 1582 2834; x_wconf 89' lang='lat' dir='ltr'><strong>per</strong></span> <span class='ocrx_word' id='word_1_187' title='bbox 1624 2751 2114 2829; x_wconf 88' lang='lat' dir='ltr'><strong>ordinationem,</strong></span> <span class='ocrx_word' id='word_1_188' title='bbox 2142 2751 2426 2829; x_wconf 89' lang='lat' dir='ltr'><strong>laudum,</strong></span> <span class='ocrx_word' id='word_1_189' title='bbox 2455 2751 2593 2816; x_wconf 82' lang='lat' dir='ltr'><strong>sive</strong></span> <span class='ocrx_word' id='word_1_190' title='bbox 2636 2751 2889 2816; x_wconf 85' lang='lat' dir='ltr'><strong>dictum</strong></span> 
     </span>
     <span class='ocr_line' id='line_1_24' title="bbox 607 2850 2889 2934; baseline -0.001 -17"><span class='ocrx_word' id='word_1_191' title='bbox 607 2859 901 2918; x_wconf 89' lang='lat' dir='ltr'><strong>nostrum</strong></span> <span class='ocrx_word' id='word_1_192' title='bbox 947 2873 1168 2930; x_wconf 86' lang='lat' dir='ltr'><strong>vacua,</strong></span> <span class='ocrx_word' id='word_1_193' title='bbox 1217 2873 1397 2918; x_wconf 86' lang='lat' dir='ltr'><strong>cassa</strong></span> <span class='ocrx_word' id='word_1_194' title='bbox 1447 2858 1515 2917; x_wconf 92' lang='lat' dir='ltr'><strong>et</strong></span> <span class='ocrx_word' id='word_1_195' title='bbox 1564 2851 1814 2917; x_wconf 89' lang='lat' dir='ltr'><strong>nullius</strong></span> <span class='ocrx_word' id='word_1_196' title='bbox 1865 2852 2180 2917; x_wconf 89' lang='lat' dir='ltr'><strong>momenti</strong></span> <span class='ocrx_word' id='word_1_197' title='bbox 2229 2851 2531 2929; x_wconf 83' lang='lat' dir='ltr'><strong>existant,</strong></span> <span class='ocrx_word' id='word_1_198' title='bbox 2578 2850 2889 2934; x_wconf 90' lang='lat' dir='ltr'><strong>omnique</strong></span> 
     </span>
     <span class='ocr_line' id='line_1_25' title="bbox 607 2941 2893 3017; baseline -0.001 0"><span class='ocrx_word' id='word_1_199' title='bbox 607 2960 869 3017; x_wconf 89' lang='lat' dir='ltr'><strong>careant</strong></span> <span class='ocrx_word' id='word_1_200' title='bbox 918 2952 1138 3016; x_wconf 91' lang='lat' dir='ltr'><strong>robore</strong></span> <span class='ocrx_word' id='word_1_201' title='bbox 1189 2951 1602 3016; x_wconf 89' lang='lat' dir='ltr'><strong>infirmitatis.</strong></span> <span class='ocrx_word' id='word_1_202' title='bbox 1691 2941 1780 3016; x_wconf 85' lang='lat' dir='ltr'><strong>Et</strong></span> <span class='ocrx_word' id='word_1_203' title='bbox 1824 2950 2285 3016; x_wconf 86' lang='lat' dir='ltr'><strong>nichilominus</strong></span> <span class='ocrx_word' id='word_1_204' title='bbox 2332 2951 2512 3015; x_wconf 89' lang='lat' dir='ltr'><strong>idem</strong></span> <span class='ocrx_word' id='word_1_205' title='bbox 2559 2950 2779 3015; x_wconf 88' lang='lat' dir='ltr'><strong>Abbas</strong></span> <span class='ocrx_word' id='word_1_206' title='bbox 2822 2957 2893 3015; x_wconf 90' lang='lat' dir='ltr'><strong>et</strong></span> 
     </span>
     <span class='ocr_line' id='line_1_26' title="bbox 608 3049 2890 3137; baseline -0.001 -21"><span class='ocrx_word' id='word_1_207' title='bbox 608 3053 804 3117; x_wconf 83' lang='lat' dir='ltr'><strong>Conv.</strong></span> <span class='ocrx_word' id='word_1_208' title='bbox 850 3053 931 3116; x_wconf 94' lang='lat' dir='ltr'><strong>de</strong></span> <span class='ocrx_word' id='word_1_209' title='bbox 975 3051 1304 3136; x_wconf 85' lang='lat' dir='ltr'><strong>Whiteby,</strong></span> <span class='ocrx_word' id='word_1_210' title='bbox 1352 3073 1468 3137; x_wconf 91' lang='lat' dir='ltr'><strong>per</strong></span> <span class='ocrx_word' id='word_1_211' title='bbox 1526 3071 1678 3116; x_wconf 90' lang='lat' dir='ltr'><strong>suas</strong></span> <span class='ocrx_word' id='word_1_212' title='bbox 1736 3051 1988 3116; x_wconf 86' lang='lat' dir='ltr'><strong>litteras</strong></span> <span class='ocrx_word' id='word_1_213' title='bbox 2047 3056 2360 3134; x_wconf 89' lang='lat' dir='ltr'><strong>patentes,</strong></span> <span class='ocrx_word' id='word_1_214' title='bbox 2409 3070 2629 3114; x_wconf 72' lang='lat' dir='ltr'><strong>eorttm</strong></span> <span class='ocrx_word' id='word_1_215' title='bbox 2672 3049 2890 3134; x_wconf 85' lang='lat' dir='ltr'><strong>sigillo</strong></span> 
     </span>
     <span class='ocr_line' id='line_1_27' title="bbox 607 3148 2892 3234; baseline -0.001 -18"><span class='ocrx_word' id='word_1_216' title='bbox 607 3152 935 3216; x_wconf 91' lang='lat' dir='ltr'><strong>communi</strong></span> <span class='ocrx_word' id='word_1_217' title='bbox 964 3151 1265 3234; x_wconf 86' lang='lat' dir='ltr'><strong>signatas,</strong></span> <span class='ocrx_word' id='word_1_218' title='bbox 1293 3150 1617 3234; x_wconf 87' lang='lat' dir='ltr'><strong>praedictis</strong></span> <span class='ocrx_word' id='word_1_219' title='bbox 1662 3150 1869 3214; x_wconf 91' lang='lat' dir='ltr'><strong>Priori</strong></span> <span class='ocrx_word' id='word_1_220' title='bbox 1897 3156 1965 3215; x_wconf 89' lang='lat' dir='ltr'><strong>et</strong></span> <span class='ocrx_word' id='word_1_221' title='bbox 2009 3150 2208 3215; x_wconf 59' lang='lat' dir='ltr'><strong>Coma</strong></span> <span class='ocrx_word' id='word_1_222' title='bbox 2239 3149 2320 3214; x_wconf 89' lang='lat' dir='ltr'><strong>de</strong></span> <span class='ocrx_word' id='word_1_223' title='bbox 2360 3148 2892 3232; x_wconf 79' lang='lat' dir='ltr'><strong>Coniugesheved</strong></span> 
     </span>
     <span class='ocr_line' id='line_1_28' title="bbox 605 3248 2891 3334; baseline -0.001 -19"><span class='ocrx_word' id='word_1_224' title='bbox 605 3250 988 3326; x_wconf 78' lang='lat' dir='ltr'><strong>liberandae,</strong></span> <span class='ocrx_word' id='word_1_225' title='bbox 1017 3251 1408 3327; x_wconf 90' lang='lat' dir='ltr'><strong>renuntient,</strong></span> <span class='ocrx_word' id='word_1_226' title='bbox 1451 3271 1569 3334; x_wconf 91' lang='lat' dir='ltr'><strong>pro</strong></span> <span class='ocrx_word' id='word_1_227' title='bbox 1614 3269 1701 3327; x_wconf 88' lang='lat' dir='ltr'><strong>se,</strong></span> <span class='ocrx_word' id='word_1_228' title='bbox 1730 3256 1797 3314; x_wconf 90' lang='lat' dir='ltr'><strong>et</strong></span> <span class='ocrx_word' id='word_1_229' title='bbox 1840 3249 2310 3314; x_wconf 88' lang='lat' dir='ltr'><strong>successoribus</strong></span> <span class='ocrx_word' id='word_1_230' title='bbox 2352 3248 2488 3313; x_wconf 89' lang='lat' dir='ltr'><strong>suis</strong></span> <span class='ocrx_word' id='word_1_231' title='bbox 2530 3254 2599 3312; x_wconf 89' lang='lat' dir='ltr'><strong>et</strong></span> <span class='ocrx_word' id='word_1_232' title='bbox 2638 3248 2891 3312; x_wconf 83' lang='lat' dir='ltr'><strong>Mon&#39;io</strong></span> 
     </span>
     <span class='ocr_line' id='line_1_29' title="bbox 608 3347 2888 3432; baseline -0.001 -18"><span class='ocrx_word' id='word_1_233' title='bbox 608 3371 724 3415; x_wconf 91' lang='lat' dir='ltr'><strong>suo</strong></span> <span class='ocrx_word' id='word_1_234' title='bbox 770 3350 1261 3431; x_wconf 83' lang='lat' dir='ltr'><strong>imperpetuum,</strong></span> <span class='ocrx_word' id='word_1_235' title='bbox 1290 3349 1592 3414; x_wconf 90' lang='lat' dir='ltr'><strong>omnibus</strong></span> <span class='ocrx_word' id='word_1_236' title='bbox 1636 3348 2016 3427; x_wconf 89' lang='lat' dir='ltr'><strong>actionibus,</strong></span> <span class='ocrx_word' id='word_1_237' title='bbox 2044 3348 2482 3432; x_wconf 86' lang='lat' dir='ltr'><strong>petitionibus,</strong></span> <span class='ocrx_word' id='word_1_238' title='bbox 2510 3347 2888 3432; x_wconf 88' lang='lat' dir='ltr'><strong>inquietati-</strong></span> 
     </span>
     <span class='ocr_line' id='line_1_30' title="bbox 606 3447 2890 3530; baseline 0 -19"><span class='ocrx_word' id='word_1_239' title='bbox 606 3448 855 3524; x_wconf 88' lang='lat' dir='ltr'><strong>onibus,</strong></span> <span class='ocrx_word' id='word_1_240' title='bbox 882 3448 1455 3528; x_wconf 89' lang='lat' dir='ltr'><strong>prosecutionibus,</strong></span> <span class='ocrx_word' id='word_1_241' title='bbox 1487 3447 1767 3530; x_wconf 89' lang='lat' dir='ltr'><strong>querelis</strong></span> <span class='ocrx_word' id='word_1_242' title='bbox 1798 3453 1864 3512; x_wconf 91' lang='lat' dir='ltr'><strong>et</strong></span> <span class='ocrx_word' id='word_1_243' title='bbox 1893 3448 2165 3525; x_wconf 85' lang='lat' dir='ltr'><strong>clamiis,</strong></span> <span class='ocrx_word' id='word_1_244' title='bbox 2194 3469 2269 3512; x_wconf 88' lang='lat' dir='ltr'><strong>ac</strong></span> <span class='ocrx_word' id='word_1_245' title='bbox 2298 3447 2596 3512; x_wconf 88' lang='lat' dir='ltr'><strong>omnibus</strong></span> <span class='ocrx_word' id='word_1_246' title='bbox 2624 3447 2789 3530; x_wconf 84' lang='lat' dir='ltr'><strong>juris</strong></span> <span class='ocrx_word' id='word_1_247' title='bbox 2821 3454 2890 3512; x_wconf 90' lang='lat' dir='ltr'><strong>et</strong></span> 
     </span>
     <span class='ocr_line' id='line_1_31' title="bbox 605 3544 2886 3631; baseline -0.001 -20"><span class='ocrx_word' id='word_1_248' title='bbox 605 3545 762 3611; x_wconf 87' lang='lat' dir='ltr'><strong>facti</strong></span> <span class='ocrx_word' id='word_1_249' title='bbox 781 3544 1080 3608; x_wconf 85' lang='lat' dir='ltr'><strong>remediis</strong></span> <span class='ocrx_word' id='word_1_250' title='bbox 1103 3545 1264 3627; x_wconf 87' lang='lat' dir='ltr'><strong>ipsis</strong></span> <span class='ocrx_word' id='word_1_251' title='bbox 1283 3545 1821 3629; x_wconf 89' lang='lat' dir='ltr'><strong>qualitercunque</strong></span> <span class='ocrx_word' id='word_1_252' title='bbox 1838 3547 2353 3631; x_wconf 85' lang='lat' dir='ltr'><strong>competentibus</strong></span> <span class='ocrx_word' id='word_1_253' title='bbox 2374 3546 2456 3611; x_wconf 88' lang='lat' dir='ltr'><strong>ad</strong></span> <span class='ocrx_word' id='word_1_254' title='bbox 2473 3545 2886 3630; x_wconf 85' lang='lat' dir='ltr'><strong>saepedictam</strong></span> 
     </span>
     <span class='ocr_line' id='line_1_32' title="bbox 605 3643 2888 3730; baseline -0.001 -18"><span class='ocrx_word' id='word_1_255' title='bbox 605 3643 938 3712; x_wconf 88' lang='lat' dir='ltr'><strong>ecclesiam</strong></span> <span class='ocrx_word' id='word_1_256' title='bbox 969 3643 1048 3708; x_wconf 90' lang='lat' dir='ltr'><strong>de</strong></span> <span class='ocrx_word' id='word_1_257' title='bbox 1079 3643 1363 3709; x_wconf 88' lang='lat' dir='ltr'><strong>Overton</strong></span> <span class='ocrx_word' id='word_1_258' title='bbox 1392 3644 1552 3710; x_wconf 86' lang='lat' dir='ltr'><strong>alias</strong></span> <span class='ocrx_word' id='word_1_259' title='bbox 1584 3646 1896 3730; x_wconf 85' lang='lat' dir='ltr'><strong>Overyge‚</strong></span> <span class='ocrx_word' id='word_1_260' title='bbox 1919 3646 2027 3710; x_wconf 88' lang='lat' dir='ltr'><strong>vel</strong></span> <span class='ocrx_word' id='word_1_261' title='bbox 2055 3646 2136 3711; x_wconf 89' lang='lat' dir='ltr'><strong>ad</strong></span> <span class='ocrx_word' id='word_1_262' title='bbox 2167 3646 2447 3711; x_wconf 89' lang='lat' dir='ltr'><strong>decimas</strong></span> <span class='ocrx_word' id='word_1_263' title='bbox 2469 3645 2888 3729; x_wconf 81' lang='lat' dir='ltr'><strong>supradictae,</strong></span> 
     </span>
     <span class='ocr_line' id='line_1_33' title="bbox 603 3744 2889 3829; baseline -0.001 -18"><span class='ocrx_word' id='word_1_264' title='bbox 603 3746 708 3811; x_wconf 84' lang='lat' dir='ltr'><strong>vel</strong></span> <span class='ocrx_word' id='word_1_265' title='bbox 753 3764 972 3809; x_wconf 89' lang='lat' dir='ltr'><strong>earum</strong></span> <span class='ocrx_word' id='word_1_266' title='bbox 1023 3749 1272 3826; x_wconf 88' lang='lat' dir='ltr'><strong>partem</strong></span> <span class='ocrx_word' id='word_1_267' title='bbox 1316 3744 1620 3827; x_wconf 84' lang='lat' dir='ltr'><strong>aliquam,</strong></span> <span class='ocrx_word' id='word_1_268' title='bbox 1665 3765 1815 3809; x_wconf 90' lang='lat' dir='ltr'><strong>cum</strong></span> <span class='ocrx_word' id='word_1_269' title='bbox 1859 3745 1996 3809; x_wconf 91' lang='lat' dir='ltr'><strong>suis</strong></span> <span class='ocrx_word' id='word_1_270' title='bbox 2039 3745 2298 3829; x_wconf 84' lang='lat' dir='ltr'><strong>juribus</strong></span> <span class='ocrx_word' id='word_1_271' title='bbox 2343 3750 2410 3809; x_wconf 90' lang='lat' dir='ltr'><strong>et</strong></span> <span class='ocrx_word' id='word_1_272' title='bbox 2458 3744 2889 3828; x_wconf 77' lang='lat' dir='ltr'><strong>pertinentiiS,</strong></span> 
     </span>
     <span class='ocr_line' id='line_1_34' title="bbox 602 3842 2889 3928; baseline -0 -19"><span class='ocrx_word' id='word_1_273' title='bbox 602 3845 710 3911; x_wconf 87' lang='lat' dir='ltr'><strong>vel</strong></span> <span class='ocrx_word' id='word_1_274' title='bbox 751 3844 824 3908; x_wconf 89' lang='lat' dir='ltr'><strong>in</strong></span> <span class='ocrx_word' id='word_1_275' title='bbox 866 3842 1025 3926; x_wconf 91' lang='lat' dir='ltr'><strong>ipsis</strong></span> <span class='ocrx_word' id='word_1_276' title='bbox 1070 3847 1182 3906; x_wconf 85' lang='lat' dir='ltr'><strong>aut</strong></span> <span class='ocrx_word' id='word_1_277' title='bbox 1228 3843 1446 3927; x_wconf 89' lang='lat' dir='ltr'><strong>aliqua</strong></span> <span class='ocrx_word' id='word_1_278' title='bbox 1494 3850 1680 3928; x_wconf 89' lang='lat' dir='ltr'><strong>parte</strong></span> <span class='ocrx_word' id='word_1_279' title='bbox 1723 3865 1960 3921; x_wconf 89' lang='lat' dir='ltr'><strong>earum,</strong></span> <span class='ocrx_word' id='word_1_280' title='bbox 2003 3864 2120 3908; x_wconf 88' lang='lat' dir='ltr'><strong>seu</strong></span> <span class='ocrx_word' id='word_1_281' title='bbox 2164 3844 2511 3909; x_wconf 86' lang='lat' dir='ltr'><strong>earundem</strong></span> <span class='ocrx_word' id='word_1_282' title='bbox 2554 3843 2889 3908; x_wconf 88' lang='lat' dir='ltr'><strong>occasione</strong></span> 
     </span>
     <span class='ocr_line' id='line_1_35' title="bbox 605 3942 2888 4030; baseline -0.002 -21"><span class='ocrx_word' id='word_1_283' title='bbox 605 3945 1154 4030; x_wconf 89' lang='lat' dir='ltr'><strong>qualitercunque,</strong></span> <span class='ocrx_word' id='word_1_284' title='bbox 1177 3964 1251 4008; x_wconf 90' lang='lat' dir='ltr'><strong>ac</strong></span> <span class='ocrx_word' id='word_1_285' title='bbox 1281 3943 1648 4027; x_wconf 88' lang='lat' dir='ltr'><strong>specialiter</strong></span> <span class='ocrx_word' id='word_1_286' title='bbox 1675 3944 1985 4009; x_wconf 88' lang='lat' dir='ltr'><strong>beneficio</strong></span> <span class='ocrx_word' id='word_1_287' title='bbox 2005 3944 2437 4008; x_wconf 86' lang='lat' dir='ltr'><strong>restitutionis</strong></span> <span class='ocrx_word' id='word_1_288' title='bbox 2454 3943 2523 4006; x_wconf 90' lang='lat' dir='ltr'><strong>in</strong></span> <span class='ocrx_word' id='word_1_289' title='bbox 2545 3942 2888 4027; x_wconf 88' lang='lat' dir='ltr'><strong>integrum,</strong></span> 
     </span>
     <span class='ocr_line' id='line_1_36' title="bbox 604 4042 2886 4126; baseline -0.002 -16"><span class='ocrx_word' id='word_1_290' title='bbox 604 4067 678 4111; x_wconf 85' lang='lat' dir='ltr'><strong>ac</strong></span> <span class='ocrx_word' id='word_1_291' title='bbox 707 4045 842 4109; x_wconf 89' lang='lat' dir='ltr'><strong>illis</strong></span> <span class='ocrx_word' id='word_1_292' title='bbox 872 4043 1108 4108; x_wconf 87' lang='lat' dir='ltr'><strong>litteris</strong></span> <span class='ocrx_word' id='word_1_293' title='bbox 1151 4043 1536 4126; x_wconf 75' lang='lat' dir='ltr'><strong>apostoliciS,</strong></span> <span class='ocrx_word' id='word_1_294' title='bbox 1567 4064 1645 4108; x_wconf 90' lang='lat' dir='ltr'><strong>ea</strong></span> <span class='ocrx_word' id='word_1_295' title='bbox 1672 4063 1818 4126; x_wconf 84' lang='lat' dir='ltr'><strong>quae</strong></span> <span class='ocrx_word' id='word_1_296' title='bbox 1848 4043 1928 4107; x_wconf 91' lang='lat' dir='ltr'><strong>de</strong></span> <span class='ocrx_word' id='word_1_297' title='bbox 1969 4042 2156 4107; x_wconf 91' lang='lat' dir='ltr'><strong>bonis</strong></span> <span class='ocrx_word' id='word_1_298' title='bbox 2185 4043 2258 4106; x_wconf 93' lang='lat' dir='ltr'><strong>in</strong></span> <span class='ocrx_word' id='word_1_299' title='bbox 2287 4042 2515 4126; x_wconf 90' lang='lat' dir='ltr'><strong>majori</strong></span> <span class='ocrx_word' id='word_1_300' title='bbox 2544 4042 2749 4105; x_wconf 86' lang='lat' dir='ltr'><strong>forma</strong></span> <span class='ocrx_word' id='word_1_301' title='bbox 2779 4043 2886 4106; x_wconf 86' lang='lat' dir='ltr'><strong>vel</strong></span> 
     </span>
     <span class='ocr_line' id='line_1_37' title="bbox 605 4139 2886 4228; baseline -0.002 -19"><span class='ocrx_word' id='word_1_302' title='bbox 605 4145 853 4228; x_wconf 74' lang='lat' dir='ltr'><strong>minori,</strong></span> <span class='ocrx_word' id='word_1_303' title='bbox 898 4164 972 4208; x_wconf 88' lang='lat' dir='ltr'><strong>ac</strong></span> <span class='ocrx_word' id='word_1_304' title='bbox 1015 4143 1316 4208; x_wconf 89' lang='lat' dir='ltr'><strong>omnibus</strong></span> <span class='ocrx_word' id='word_1_305' title='bbox 1368 4143 1513 4208; x_wconf 89' lang='lat' dir='ltr'><strong>aliis</strong></span> <span class='ocrx_word' id='word_1_306' title='bbox 1564 4143 1802 4208; x_wconf 90' lang='lat' dir='ltr'><strong>litteris</strong></span> <span class='ocrx_word' id='word_1_307' title='bbox 1846 4139 2262 4227; x_wconf 61' lang='lat' dir='ltr'><strong>apostolicis,¹2</strong></span> <span class='ocrx_word' id='word_1_308' title='bbox 2304 4141 2886 4226; x_wconf 86' lang='lat' dir='ltr'><strong>impetrationibus,</strong></span> 
     </span>
     <span class='ocr_line' id='line_1_38' title="bbox 602 4242 2886 4325; baseline -0.001 -19"><span class='ocrx_word' id='word_1_309' title='bbox 602 4242 1161 4325; x_wconf 88' lang='lat' dir='ltr'><strong>appellationibus,</strong></span> <span class='ocrx_word' id='word_1_310' title='bbox 1206 4247 1272 4306; x_wconf 88' lang='lat' dir='ltr'><strong>et</strong></span> <span class='ocrx_word' id='word_1_311' title='bbox 1316 4242 1460 4307; x_wconf 79' lang='lat' dir='ltr'><strong>aliis</strong></span> <span class='ocrx_word' id='word_1_312' title='bbox 1505 4242 1806 4307; x_wconf 88' lang='lat' dir='ltr'><strong>remediis</strong></span> <span class='ocrx_word' id='word_1_313' title='bbox 1848 4243 2359 4325; x_wconf 89' lang='lat' dir='ltr'><strong>quibuscunque,</strong></span> <span class='ocrx_word' id='word_1_314' title='bbox 2388 4262 2533 4325; x_wconf 86' lang='lat' dir='ltr'><strong>quae</strong></span> <span class='ocrx_word' id='word_1_315' title='bbox 2576 4247 2886 4324; x_wconf 89' lang='lat' dir='ltr'><strong>poterunt</strong></span> 
     </span>
     <span class='ocr_line' id='line_1_39' title="bbox 602 4339 2884 4426; baseline -0 -22"><span class='ocrx_word' id='word_1_316' title='bbox 602 4341 968 4405; x_wconf 86' lang='lat' dir='ltr'><strong>memoratis</strong></span> <span class='ocrx_word' id='word_1_317' title='bbox 1013 4341 1254 4405; x_wconf 89' lang='lat' dir='ltr'><strong>Abbati</strong></span> <span class='ocrx_word' id='word_1_318' title='bbox 1306 4347 1372 4406; x_wconf 92' lang='lat' dir='ltr'><strong>et</strong></span> <span class='ocrx_word' id='word_1_319' title='bbox 1422 4342 1619 4422; x_wconf 84' lang='lat' dir='ltr'><strong>Conv.</strong></span> <span class='ocrx_word' id='word_1_320' title='bbox 1672 4341 1751 4406; x_wconf 90' lang='lat' dir='ltr'><strong>de</strong></span> <span class='ocrx_word' id='word_1_321' title='bbox 1795 4342 2129 4426; x_wconf 82' lang='lat' dir='ltr'><strong>Whiteby,</strong></span> <span class='ocrx_word' id='word_1_322' title='bbox 2174 4342 2341 4406; x_wconf 88' lang='lat' dir='ltr'><strong>circa</strong></span> <span class='ocrx_word' id='word_1_323' title='bbox 2384 4341 2734 4425; x_wconf 86' lang='lat' dir='ltr'><strong>praemissa,</strong></span> <span class='ocrx_word' id='word_1_324' title='bbox 2778 4339 2884 4405; x_wconf 82' lang='lat' dir='ltr'><strong>vel</strong></span> 
     </span>
    </p>
   </div>
   <div class='ocr_carea' id='block_1_3' title="bbox 1031 4461 2449 4530">
    <p class='ocr_par' dir='ltr' id='par_1_3' title="bbox 1031 4461 2449 4530">
     <span class='ocr_line' id='line_1_40' title="bbox 1031 4461 2449 4530; baseline 0.002 -16"><span class='ocrx_word' id='word_1_325' title='bbox 1031 4461 1050 4496; x_wconf 86' lang='lat'>¹</span> <span class='ocrx_word' id='word_1_326' title='bbox 1089 4465 1316 4517; x_wconf 73' lang='lat' dir='ltr'><strong>liberant.</strong></span> <span class='ocrx_word' id='word_1_327' title='bbox 2050 4463 2073 4499; x_wconf 77' lang='lat'>²</span> <span class='ocrx_word' id='word_1_328' title='bbox 2108 4466 2449 4530; x_wconf 66' lang='lat' dir='ltr'><strong>appoacolicio.</strong></span> 
     </span>
    </p>
   </div>
  </div>
 </body>
</html>
