3285 5121
732 657 1274 711 CARTULARIUM
1310 657 1719 709 ABBATHIAE
1755 659 1854 710 DE
1886 660 2260 714 WHITEBY.
2510 649 2634 707 323

1256 873 1734 939 CCCLXXIX.

448 1009 566 1092 [In
594 1031 637 1072 a
666 1010 790 1074 late
816 1011 994 1074 hand
1021 1011 1442 1095 immediately
1471 1017 1541 1075 at
1570 1013 1669 1076 the
1698 1011 1846 1075 close
1876 1013 1953 1094 os
1985 1012 2098 1076 Nc.
2140 1015 2214 1078 17
2223 1019 2258 1075 5
2284 1034 2363 1077 οτι
2383 1014 2442 1096 s.
2482 1009 2636 1076 133b

357 1109 415 1169 is
445 1109 541 1170 tlw
555 1110 887 1192 sollmoinq
908 1111 1038 1195 .·—]

446 1206 580 1273 The
609 1216 972 1293 agreement
1002 1211 1292 1274 between
1321 1208 1433 1273 the
1455 1209 1709 1274 Abbott
1736 1210 1809 1274 of
1830 1210 2141 1294 Whitbye
2170 1211 2297 1275 and
2327 1211 2439 1275 the
2468 1209 2636 1274 Lord

360 1307 643 1372 Sneaton
684 1329 762 1391 ys
804 1329 873 1373 as
918 1309 1167 1373 follows
1212 1309 1551 1392 according
1593 1309 1707 1374 the
1751 1309 2039 1374 bounder
2080 1310 2231 1375 heer
2273 1317 2403 1375 sett
2444 1311 2635 1374 down

358 1405 505 1471 that
532 1407 644 1473 the
672 1359 895 1472 Afibot
922 1408 1021 1472 for
1048 1407 1150 1472 his
1173 1408 1547 1491 Monestory
1570 1408 1700 1471 and
1732 1409 1833 1473 his
1860 1430 2095 1494 grange
2118 1411 2190 1474 of
2214 1409 2477 1474 staxbie
2507 1407 2637 1472 and

357 1506 652 1572 Whitbie
695 1507 947 1591 laythes
988 1528 1137 1589 may
1167 1513 1307 1590 gatt
1350 1507 1552 1571 turfes
1583 1507 1816 1571 within
1860 1508 1972 1572 the
2011 1509 2246 1593 plac[e]
2278 1509 2409 1572 and
2437 1506 2635 1591 pluck

360 1604 500 1689 ling
529 1606 718 1670 when
748 1606 924 1669 wher
952 1626 1023 1669 or
1052 1626 1122 1670 as
1151 1604 1309 1689 they
1337 1604 1475 1669 win
1503 1605 1632 1669 and
1663 1605 1775 1670 the
1802 1606 1945 1670 lord
1975 1607 2047 1670 of
2071 1607 2315 1672 Sneton
2344 1608 2441 1671 for
2468 1606 2636 1669 him-

363 1703 517 1768 selfe
548 1704 718 1788 only.

450 1878 885 1945 CCCLXXX.
934 1879 1418 1944 MEMORABILIA
1447 1894 1647 1943 INTER
1676 1880 2004 1943 ABBATEM
2034 1897 2122 1945 ns
2152 1882 2438 1946 ersr
2469 1897 2549 1944 ar

1041 1992 1519 2055 ALEXANDRUM
1550 2006 1637 2054 nr:
1671 1991 1952 2056 SNETON.

452 2128 951 2193 Memorandum
1012 2128 1185 2213 quod
1262 2149 1413 2193 cum
1470 2128 1651 2212 pacis
1712 2128 1966 2194 aemulis
2027 2129 2330 2195 Sathanae
2386 2130 2636 2194 facibus

366 2226 700 2292 discordiae
743 2228 1241 2293 seminatoribus
1287 2228 1751 2313 instigantibus
1794 2229 1973 2313 pacis
2018 2229 2373 2307 vinculum,
2403 2230 2636 2294 amoris

360 2326 589 2405 foedus,
619 2347 914 2411 rumpere
959 2326 1363 2404 conantibus,
1392 2347 1539 2411 pax,
1569 2348 1749 2391 amor
1792 2334 1859 2392 et
1903 2327 2112 2393 foedus
2156 2329 2424 2393 Domini
2469 2330 2639 2393 inter

362 2424 717 2501 Thomam}
769 2426 1089 2490 Abbatem
1131 2432 1197 2490 et
1246 2425 1444 2491 ConV.
1498 2426 1579 2489 de
1631 2425 1962 2510 Whiteby,
2011 2447 2092 2491 ex
2147 2433 2327 2509 parte
2378 2448 2527 2505 una,
2571 2434 2638 2492 et

364 2522 698 2587 dominum
747 2522 1239 2601 Alexandrum?
1296 2524 1502 2587 filium
1555 2524 1689 2588 d'ni
1748 2523 2065 2590 willelmi
2138 2526 2219 2589 de
2292 2526 2495 2610 Percy
2557 2526 2635 2591 de

366 2621 667 2705 Kyldale,
697 2642 779 2686 ex
809 2622 1028 2699 altera,
1057 2622 1429 2686 exulassent
1458 2642 1652 2705 super
1695 2623 2089 2706 quibusdam
2133 2623 2424 2687 articulis
2467 2625 2636 2688 infra

364 2721 622 2799 notatis,
666 2720 1009 2785 reformata
1052 2726 1208 2784 sunt
1250 2721 1516 2803 praefata
1560 2724 1627 2784 et
1671 2721 2027 2802 pacificata,
2070 2721 2634 2804 adquiescentibus

364 2820 674 2904 partibus,
702 2819 776 2882 in
817 2818 993 2883 hunc
1034 2818 1299 2882 modum
1327 2818 1743 2901 3—1nprimis
1766 2820 2036 2884 t—Gum
2082 2820 2415 2885 altercatio
2459 2827 2635 2885 mota

363 2920 533 2983 inter
580 2925 797 3002 partes
842 2918 1072 2982 fuisset
1121 2937 1314 3001 super
1356 2918 1634 2982 fossione
1678 2923 1745 2982 et
1788 2919 2182 2983 radicatione
2227 2920 2524 2984 arborum
2569 2928 2636 2986 et

363 3017 604 3082 bruarii
649 3017 721 3081 in
766 3037 944 3081 mora
995 3016 1274 3101 quadam
1320 3037 1465 3100 quae
1508 3036 1577 3082 se
1607 3018 1905 3082 extendit
1946 3038 1986 3082 a
2028 3024 2210 3102 parte
2253 3019 2553 3084 orientali
2596 3041 2636 3085 a

362 3117 572 3181 rivulo
617 3117 698 3181 de
742 3115 1079 3201 Sourgryff
1123 3135 1161 3179 a
1214 3115 1520 3179 Katewik
1573 3115 1885 3198 quamdiu
1933 3116 2148 3181 dictus
2198 3123 2445 3183 torrens
2489 3139 2633 3202 pro-

363 3214 629 3280 cedere⁸
656 3215 916 3280 videtur
961 3214 1032 3278 in
1081 3221 1388 3292 austrum,
1421 3220 1487 3278 et
1533 3214 1625 3279 sic
1666 3234 1874 3298 usque
1917 3216 1999 3280 ad
2045 3215 2373 3299 quendam
2404 3218 2634 3282 collem

355 3316 548 3399 juxta
575 3315 820 3381 vicinia
848 3322 1153 3381 extremae
1181 3315 1384 3399 partis
1418 3313 1722 3379 australis
1755 3314 1918 3380 dicti
1949 3315 2166 3393 rivuli,
2197 3320 2264 3379 et
2295 3316 2389 3381 sic
2426 3338 2633 3400 usque

364 3414 446 3479 ad
476 3416 801 3500 quandam
830 3436 1082 3480 crucem
1112 3436 1259 3499 quae
1301 3416 1678 3479 nominatur
1724 3415 1901 3479 Crux
1944 3417 1990 3481 J
1995 3415 2288 3494 ohannis,
2318 3422 2385 3481 et
2427 3437 2633 3500 usque

364 3513 687 3597 quendam
735 3514 999 3591 fontem,
1051 3522 1118 3579 et
1168 3514 1263 3579 sic
1311 3535 1427 3598 per
1476 3514 1652 3578 viam
1707 3535 1854 3598 quae
1905 3514 2089 3580 ducit
2134 3515 2205 3579 in
2265 3515 2633 3599 aquilonem

364 3634 570 3697 usque
599 3614 931 3678 ulteriores
961 3614 1183 3678 domos
1214 3614 1294 3678 de
1327 3613 1676 3699 Uglardby.

458 3718 598 3776 l¹s¹¹¹¹³⁸¹
624 3713 976 3779 Articulus.
1064 3713 1402 3790 Videlicet,
1426 3713 1596 3796 quod
1626 3713 1866 3789 Abbas,
1890 3734 2004 3797 pro
2035 3733 2103 3779 se
2136 3720 2202 3779 et
2233 3715 2632 3780 Monasterio

363 3833 480 3878 suo
526 3816 591 3877 et
632 3813 973 3897 grangi[i]s
1016 3812 1096 3876 de
1142 3812 1463 3897 Stakesby
1492 3819 1558 3877 et
1586 3812 2045 3877 Whitbilathis
2089 3814 2474 3892 infradictis,
2518 3836 2633 3899 pro

363 3912 834 3976 sustentatione
882 3911 1202 3975 dictorum
1252 3910 1542 3976 locorum
1593 3913 1666 3976 in
1711 3912 1922 3990 focali,
1973 3912 2239 3978 fodeant
2286 3914 2509 3977 turbas
2570 3920 2635 3978 et

365 4010 692 4075 eradicent
741 4010 1071 4075 bruerium
1128 4011 1644 4095 quandocunque
1693 4015 1760 4075 et
1817 4032 2204 4096 quocunque
2255 4012 2636 4095 placuerint,

364 4109 504 4174 sine
556 4109 1019 4194 impedimento
1071 4110 1234 4173 dicti
1295 4110 1649 4174 Alexandri
1707 4109 1816 4175 vel
1860 4111 2010 4175 haer.
2064 4132 2345 4187 suorum,
2397 4112 2633 4195 imper-

362 4214 650 4291 petuum.
724 4210 811 4272 Et
839 4209 1032 4293 praed.
1056 4207 1424 4273 Alexander
1451 4209 1523 4272 in
1551 4209 1749 4273 moris
1773 4209 1854 4274 de
1880 4210 2260 4293 Steynsiker
2281 4215 2346 4274 et
2377 4211 2636 4294 Hakys-

365 4306 590 4390 garthe
636 4307 853 4372 fodeat
905 4313 971 4372 et
1015 4307 1294 4371 eradicet
1337 4307 1421 4372 ad
1463 4328 1624 4391 opus
1671 4327 1863 4371 suum
1906 4308 2256 4392 proprium,
2286 4315 2351 4372 et
2395 4330 2526 4373 non
2555 4311 2637 4374 ad

365 4426 531 4490 opus
573 4407 937 4472 tenentium
982 4426 1261 4484 suorum,
1291 4426 1409 4471 nec
1454 4407 1524 4471 in
1570 4407 1813 4472 Sueton
1861 4427 1981 4472 nec
2025 4407 2096 4471 in
2141 4408 2540 4492 Katedykes,
2580 4409 2638 4473 si

437 4529 458 4564 ²
493 4531 725 4584 Thomas
748 4532 815 4584 de
838 4532 1070 4594 Matton,
1101 4529 1419 4601 ηοξ-1322.
1998 4529 2023 4564 ²
2056 4533 2155 4585 See
2181 4533 2281 4584 No,
2308 4535 2393 4594 20,
2424 4538 2563 4585 note.

435 4612 459 4647 ³
487 4616 710 4679 procedi.
