3285 5121
639 646 1186 701 GARTULARIUM
1224 646 1628 699 ABBATHIAE
1662 646 1760 698 DE
1796 646 2164 698 WHITEBY.
2424 638 2544 695 259

263 832 309 876 s.
334 812 406 875 in
436 812 605 876 D’no
635 812 1112 896 sempiternam.
1178 810 1539 876 Visitantes
1558 831 1765 894 nuper
1784 810 2119 875 ecclesiam
2147 815 2215 875 et
2242 809 2546 875 diocesim

264 916 550 973 nostram
581 909 1099 988 Karliolensem,1
1142 910 1315 974 inter
1357 915 1587 973 caetera
1628 909 2024 973 visitationis
2069 916 2302 973 nostrae
2345 909 2554 974 officia

265 1010 729 1093 contingentia,
773 1009 1201 1092 comperimus
1245 1008 1419 1092 quod
1463 1007 1774 1091 Religiosi
1802 1008 1946 1084 viri,
1974 1008 2196 1073 Abbas
2240 1014 2306 1071 et
2349 1009 2549 1073 ConV.

262 1107 343 1172 de
373 1108 706 1192 Whiteby,
736 1109 1000 1173 Eborac.
1050 1107 1389 1184 dioceseos,
1419 1106 1757 1171 ecclesiam
1793 1106 1874 1171 de
1921 1106 2236 1190 Grosseby
2264 1107 2549 1171 Ravens-

262 1206 470 1270 warth
513 1206 962 1290 parochialem,
991 1212 1227 1270 nostrae
1271 1205 1616 1283 dioceseos,
1652 1225 1801 1269 cum
1845 1205 2251 1288 pertinentiis
2296 1206 2449 1283 suiS,
2477 1207 2548 1270 in

261 1327 418 1370 usus
470 1326 619 1371 suos
670 1306 958 1390 proprios
1004 1305 1082 1369 de
1133 1305 1306 1369 facto
1351 1304 1663 1381 detinent,
1708 1309 1776 1368 et
1818 1304 1899 1368 de
1941 1304 2089 1388 jure
2138 1304 2404 1388 speciali
2454 1305 2546 1369 sic

260 1405 612 1470 vendicant
643 1406 950 1489 optinere.
1041 1404 1309 1468 Vocatis
1341 1402 1540 1487 igitur
1582 1423 1777 1487 super
1815 1402 1937 1467 hoc
1966 1403 2158 1468 dictis
2188 1404 2547 1487 Religiosis,

261 1510 329 1569 et
371 1511 778 1588 procuratore
821 1502 1213 1568 sufficienter
1262 1502 1782 1586 comparentibus
1827 1522 2040 1566 coram
2083 1503 2288 1580 nobis,
2319 1502 2548 1567 diebus

262 1608 330 1667 et
358 1602 517 1667 locis
547 1602 843 1686 congruis
867 1601 950 1666 ad
971 1602 1092 1666 hoc
1116 1601 1302 1678 datis,
1321 1601 1724 1685 propositum
1746 1601 1873 1665 fuit
1895 1621 1976 1666 ex
1997 1607 2179 1685 parte
2201 1602 2542 1666 eorundem

262 1700 438 1785 quod
468 1700 596 1784 ipsi
624 1700 815 1783 praed.
847 1699 1182 1764 ecclesiam
1211 1700 1290 1775 de
1322 1699 1636 1783 Crosseby
1668 1700 2133 1765 Ravenswarth
2162 1700 2243 1765 ab
2274 1700 2542 1785 antiquo

261 1800 357 1864 eis
410 1799 714 1863 canonice
765 1798 1241 1882 appropriatam
1291 1800 1712 1882 optinuerunt
1755 1804 1822 1863 et
1872 1800 2305 1883 possederunt,
2350 1808 2417 1865 et
2460 1800 2543 1866 ad

262 1896 392 1962 huc
445 1898 742 1980 optinent
793 1904 859 1960 et
907 1896 1242 1980 possident
1291 1898 1362 1961 in
1418 1898 1724 1981 praesenti
1783 1905 1990 1963 cartas
2042 1904 2108 1964 et
2158 1899 2543 1964 documenta

262 1995 795 2080 praedecessorum
820 2003 1200 2073 nostrorum,
1221 1995 1686 2081 Episcoporum
1712 1997 2000 2076 Karliol.,
2016 2004 2083 2062 et
2110 2005 2542 2083 patronorum,

260 2099 326 2159 et
346 2094 897 2175 confirmationem
916 2094 1203 2178 Capituli
1219 2095 1523 2160 Ecclesiae
1541 2103 1774 2161 nostrae
1794 2097 2196 2162 Cathedralis
2213 2097 2542 2183 Ka[r]liol.

260 2194 585 2278 praedictae
617 2215 809 2278 super
837 2193 960 2259 hoc
987 2193 1060 2257 in
1096 2194 1311 2259 medio
1342 2195 1723 2261 exhibendo,
1816 2198 1953 2262 Nos
1995 2197 2211 2281 igitur,
2239 2198 2548 2282 inspectis

259 2299 327 2357 et
375 2292 730 2357 intellectis
778 2293 1124 2376 propositis
1176 2298 1243 2357 et
1300 2292 1607 2358 exhibitis
1661 2294 1795 2359 suis
1848 2296 1918 2359 in
1968 2295 2090 2361 hac
2138 2304 2339 2382 parte,
2391 2298 2547 2382 quia

258 2392 631 2456 invenimus
689 2412 797 2455 eos
856 2391 1245 2456 sufficienter
1287 2392 1573 2457 munitos
1630 2393 1705 2456 in
1761 2394 2103 2478 praedictis,
2144 2395 2318 2479 ipsos
2377 2397 2547 2461 sicut

261 2509 654 2575 possessores
713 2490 1070 2569 canonicos,
1113 2498 1180 2555 et
1222 2489 1613 2555 sufficienter
1670 2494 1957 2556 munitos
2009 2493 2090 2557 ab
2140 2493 2546 2578 impetitione

263 2588 456 2653 officii
485 2589 705 2668 nostri,
734 2590 1143 2667 absolvimus,
1172 2594 1240 2653 et
1266 2610 1381 2673 per
1409 2590 1738 2655 decretum
1768 2590 2158 2655 dimittimus
2201 2590 2546 2656 absolutos

266 2688 350 2751 In
399 2689 584 2773 cujus
642 2689 736 2754 rei
792 2694 937 2754 test.
1000 2688 1113 2773 sig.
1174 2694 1468 2751 nostrum
1526 2688 1951 2772 praesentibus
2010 2695 2108 2753 est
2172 2709 2544 2773 appensum.

265 2788 511 2852 Datum
570 2789 643 2853 in
692 2788 977 2854 manerio
1036 2793 1254 2851 nostro
1305 2787 1479 2870 apud
1530 2787 1596 2851 la
1648 2789 1833 2864 Rose,
1882 2788 1949 2851 ii.
2002 2786 2309 2852 kalendas
2361 2789 2408 2852 ,J
2408 2789 2548 2866 ulii,

265 2887 344 2952 A.
374 2888 456 2953 D.
486 2888 832 2952 millesimo
878 2895 1061 2952 occm⁰
1088 2884 1396 2951 vicesimo
1440 2893 1641 2962 sext0,
1672 2893 1738 2951 et
1768 2895 2002 2951 nostrae
2046 2887 2547 2952 consecrationis

262 3006 433 3052 anno
462 2988 758 3052 secundo.

787 3208 1115 3277 CCCXII.
1160 3210 1335 3275 Anu.
1366 3227 1578 3276 cAn'rA
1608 3227 1696 3275 nn
1726 3210 2007 3276 Cnossv.

356 3373 542 3436 Omn.
597 3373 656 3438 S.
711 3374 802 3437 M.
854 3373 1023 3438 Eccl.
1071 3373 1244 3453 filiis,
1294 3373 1377 3438 ad
1431 3393 1592 3457 quos
1642 3393 1735 3456 pr.
1789 3392 1904 3437 scr.
1957 3392 2150 3456 perv„
2201 3371 2414 3435 Adam
2466 3371 2547 3435 de

266 3470 769 3549 VVathamstede,
831 3472 1236 3555 Capellanus,
1288 3494 1337 3539 S.
1400 3472 1473 3536 in
1531 3473 1832 3537 Domine.
1923 3471 2253 3536 Noveritis
2312 3490 2415 3534 me
2474 3470 2544 3533 in

266 3570 607 3652 praesentia
665 3570 798 3633 d'ni
864 3570 1235 3654 R[oberti],²
1299 3572 1731 3636 Karliolensis
1804 3571 1965 3656 Ep'i,
2022 3571 2271 3635 factum
2328 3589 2546 3634 meum

267 3666 703 3750 approbantis,
730 3668 854 3731 toti
889 3668 1024 3751 juri
1067 3689 1208 3733 meo
1252 3670 1424 3753 quod
1468 3670 1670 3734 habui
1706 3669 1811 3734 vel
1855 3668 2088 3735 habere
2131 3668 2334 3752 potui,
2369 3668 2545 3732 omni

265 3765 507 3829 actioni
536 3764 855 3829 institutae
883 3766 991 3830 vel
1021 3766 1435 3831 instituendae
1477 3768 1548 3831 in
1577 3768 1816 3833 vicaria
1846 3768 2127 3833 ecclesiae
2156 3767 2236 3831 de
2268 3766 2547 3849 Crossby

265 3863 750 3940 Ravenswarth,
780 3863 1051 3929 Karliol.
1083 3864 1421 3942 dioceseos,
1452 3886 1566 3930 seu
1610 3887 1728 3950 pro
1771 3868 2012 3945 eadem,
2040 3865 2186 3930 d’no
2214 3865 2546 3930 Willelmo

265 3962 347 4026 de
392 3960 793 4046 Kyrkeham,
818 3963 1213 4047 procuratori
1256 3964 1389 4027 d'ni
1429 3965 1704 4030 Abbatis
1747 3966 1829 4030 de
1872 3966 2188 4049 Whiteby
2216 3971 2283 4030 et
2327 3965 2546 4041 Conv„

265 4062 685 4126 renuntiasse.
734 4067 817 4138 et,
873 4060 1039 4146 (941’)
1095 4062 1250 4145 quia
1300 4063 1586 4148 sigillum
1646 4086 1863 4129 meum
1915 4086 2046 4130 non
2098 4070 2195 4130 est
2246 4063 2541 4149 pluribus

263 4165 511 4235 notum,
555 4159 667 4243 sig.
707 4159 865 4224 dicti
895 4160 1300 4225 Venerabilis
1344 4162 1546 4246 patris
1591 4163 1936 4248 R[oberti],
1980 4163 2292 4228 Karleolii
2309 4161 2336 4202 ⁸
2379 4163 2541 4247 Ep'i,

260 4258 687 4343 praesentibus
717 4259 954 4343 apponi
981 4260 1339 4343 procuravi.
1430 4261 1582 4325 Hiis
1624 4263 1918 4327 testibus.
2006 4263 2176 4326 D'no
2203 4261 2538 4326 Willelmo

262 4358 345 4421 de
403 4356 951 4423 Whatehamsted.
1058 4358 1223 4423 M'ro
1281 4359 1370 4423 W
1413 4409 1429 4425 .
1476 4409 1488 4423 .
1536 4408 1550 4423 .
1625 4361 1863 4425 Fresta.
1953 4360 2200 4425 Thoma
2257 4360 2337 4424 de
2393 4360 2541 4444 EIy,

263 4455 526 4521 ClericO.
637 4457 932 4522 Gilberto
978 4458 1057 4522 de
1102 4456 1506 4541 Smytheton‚
1552 4459 1839 4538 Cleri003
1912 4465 1976 4523 et
2021 4459 2181 4523 aliis.
2291 4460 2539 4530 Datum

339 4581 351 4611 ¹
397 4582 447 4632 Κ
451 4582 648 4634 arlion’.
1007 4580 1028 4614 ²
1069 4582 1266 4634 Robert
1289 4583 1355 4634 de
1380 4584 1605 4647 Chause,
1639 4585 1881 4639 1258-78.
2212 4584 2233 4617 ³
2271 4586 2463 4636 Karlie'.
