3285 5121
676 590 799 649 254
1043 600 1586 655 CARTULARIUM
1622 600 2029 653 ABBATHIAE
2067 602 2164 653 DE
2198 601 2568 654 WHITEBY.

670 764 918 831 laborat
956 766 1199 830 ibidem
1243 765 1505 849 publica
1538 786 1663 829 vox
1706 772 1773 829 et
1815 766 2001 830 fama
2094 767 2305 843 Quare
2348 767 2515 850 petit
2544 766 2758 831 dictus
2801 788 2964 851 pro-

671 870 941 943 curator,
960 866 1219 930 nomine
1242 886 1370 948 quo
1392 885 1584 948 supra
1607 865 1916 948 probatur
1934 866 2006 928 in
2027 866 2148 929 hoc
2171 886 2324 930 casu
2347 865 2425 929 de
2448 867 2594 949 jure
2616 866 2961 949 probandi,

671 965 920 1029 dictum
979 965 1337 1029 Dominum
1382 965 1735 1029 Robertum
1788 965 2121 1029 Vicarium
2166 966 2248 1029 ad
2301 966 2702 1049 agnoscenda
2754 986 2961 1031 onera

670 1065 1170 1128 extraordinaria
1228 1063 1594 1147 supradicta
1645 1084 1760 1147 pro
1820 1070 2051 1146 quart-a
2106 1072 2289 1147 parte
2346 1065 2697 1129 taxationis
2754 1066 2960 1130 dictae

670 1163 956 1228 ecclesiae
986 1164 1068 1228 de
1098 1164 1333 1240 Semar‚
1365 1182 1618 1226 necnon
1649 1162 1731 1225 ad
1762 1163 2200 1246 praestandum
2229 1169 2297 1227 et
2339 1164 2724 1228 solvendum
2754 1165 2958 1229 dictis

671 1262 1029 1346 Religiosis,
1059 1262 1340 1326 dominis
1389 1261 1541 1338 suis,
1570 1262 1687 1345 qui
1726 1261 1808 1326 de
1849 1262 2039 1325 totali
2083 1282 2272 1326 onere
2311 1262 2617 1346 praedicto
2662 1264 2955 1329 Domino

670 1366 888 1425 nostro
919 1361 1096 1444 Regi,
1128 1366 1203 1423 ut
1246 1360 1599 1445 praefertur,
1629 1380 1946 1437 concesse,
1978 1360 2186 1443 ipsam
2226 1361 2559 1425 ecclesiam
2604 1362 2685 1426 de
2726 1363 2955 1427 Semar

668 1469 1106 1536 concernente,
1136 1460 1599 1536 satisfecerunt,
1629 1479 1745 1543 per
1771 1479 1905 1535 vos,
1927 1459 2184 1524 domine
2213 1460 2260 1524 J
2264 1460 2452 1537 udeX,
2475 1461 2955 1527 sententialiter

668 1563 737 1621 et
787 1559 1132 1623 diffinitive
1184 1558 1660 1642 condempnari,
1712 1564 1779 1622 et
1825 1557 2369 1641 condempnatum
2420 1558 2503 1622 ad
2554 1560 2946 1625 solutionem

669 1657 861 1722 dictae
901 1664 1147 1743 quartae
1184 1658 1388 1743 partis
1423 1658 1634 1722 oneris
1680 1658 1994 1740 praedicti,
2023 1657 2103 1722 de
2122 1730 2126 1734 ,
2146 1679 2277 1741 qua
2319 1664 2419 1722 est
2452 1658 2627 1723 dicto
2656 1661 2946 1724 Domino

668 1758 830 1841 Regi
858 1779 972 1842 per
1015 1758 1219 1823 dictos
1265 1757 1637 1841 Religiosos,
1667 1762 1744 1821 ut
1771 1758 2203 1841 praemittitur,
2246 1758 2665 1836 satisfactum,
2695 1760 2943 1824 eisdem

669 1857 1007 1941 Religiosis
1035 1857 1414 1933 faciendam,
1444 1858 1749 1921 canonice
1780 1856 2081 1940 compelli
2109 1862 2177 1922 et
2204 1857 2540 1936 coherceri,
2571 1867 2637 1924 et
2665 1859 2942 1925 ulterius

665 1956 791 2020 sibi
820 1957 958 2021 fieri
985 1957 1056 2019 in
1083 1956 1431 2040 praemissis
1462 1963 1528 2020 et
1557 1975 1633 2019 ea
1655 1956 2179 2040 contingentibus
2210 1956 2280 2020 in
2310 1958 2609 2022 omnibus
2640 1960 2814 2042 quod
2839 1966 2943 2025 est

656 2055 924 2136 justum.
1017 2054 1178 2118 Haec
1201 2053 1361 2117 dicit
1390 2058 1457 2118 et
1484 2054 1668 2136 petit,
1692 2061 1759 2118 et
1787 2056 2055 2137 probare
2085 2055 2368 2120 intendit
2396 2055 2608 2121 dictus
2638 2077 2941 2140 procura-

662 2163 764 2215 tor
810 2153 1070 2217 nomine
1113 2173 1242 2235 quo
1286 2171 1498 2234 supra,
1543 2153 1943 2235 conjunctim
1988 2159 2055 2217 et
2098 2154 2377 2232 divisim,
2418 2156 2583 2238 juris
2625 2157 2939 2222 beneficio

660 2252 784 2315 sibi
814 2252 886 2315 in
914 2251 1212 2315 omnibus
1257 2270 1508 2333 semper
1537 2250 1751 2329 salvo;
1794 2251 2039 2335 liteque
2069 2253 2151 2317 ad
2181 2254 2458 2319 eundem
2497 2255 2793 2320 libellum
2821 2277 2942 2340 per

658 2350 900 2415 dictam
927 2355 1178 2433 partem
1208 2368 1381 2412 ream
1409 2348 1625 2412 verbis
1664 2349 2023 2432 negationis
2053 2359 2428 2429 contestata,
2459 2375 2533 2418 ac
2565 2355 2941 2437 juramento

659 2448 740 2513 de
785 2448 1153 2532 calumpnia
1198 2456 1264 2513 et
1302 2448 1382 2513 de
1413 2448 1687 2513 veritate
1730 2448 2006 2514 dicenda
2050 2451 2203 2516 hinc
2233 2457 2301 2516 et
2328 2452 2482 2516 inde
2524 2454 2829 2536 praestito,
2858 2475 2940 2520 ac

656 2549 913 2615 traditis
941 2571 1057 2634 per
1084 2549 1326 2615 dictam
1353 2554 1602 2633 partem
1632 2549 1935 2615 actricem
1978 2551 2407 2634 positionibus
2436 2559 2503 2618 et
2531 2554 2838 2633 articulis,
2868 2563 2939 2621 et

658 2650 896 2715 secutis
916 2651 1439 2734 responsionibus
1467 2670 1582 2733 per
1610 2649 1853 2714 dictam
1881 2658 2131 2734 partem
2160 2671 2334 2715 ream
2364 2653 2447 2717 ad
2476 2654 2732 2720 easdem
2761 2658 2936 2738 posi-

656 2749 866 2814 tiones
896 2769 970 2813 ac
1000 2749 1468 2814 ordinationem
1498 2749 1689 2812 dictae
1717 2749 1974 2813 vicariae
2003 2749 2083 2813 de
2114 2751 2334 2815 Semar
2361 2772 2476 2835 per
2503 2753 2745 2818 dictam
2785 2776 2938 2838 par-

656 2856 792 2913 tem
821 2849 1120 2914 actricem
1155 2849 1226 2912 in
1256 2848 1617 2914 subsidium
1662 2847 2057 2932 probationis
2088 2870 2239 2927 suae,
2275 2851 2674 2933 judicialiter
2715 2875 2935 2919 coram

656 2948 842 3012 nobis
865 2948 1191 3031 productis
1214 2955 1280 3013 et
1298 2947 1622 3025 exhibitis,
1640 2954 1707 3012 et
1728 2948 1912 3031 copia
1929 2948 2218 3031 ejusdem
2241 2951 2411 3033 parti
2432 2972 2556 3016 rese
2573 2952 2844 3031 decreta,
2866 2962 2935 3020 et

653 3047 964 3111 termino¹
994 3047 1074 3110 ad
1104 3047 1519 3131 proponenda
1540 3047 1759 3111 omnia
1786 3047 1857 3110 in
1879 3047 2047 3111 facto
2070 3049 2487 3114 consistentia
2509 3051 2698 3116 dictis
2729 3055 2932 3136 parti-

654 3145 776 3209 bus
821 3166 935 3229 per
976 3166 1095 3209 nos
1137 3146 1399 3229 praefixo
1443 3151 1511 3210 et
1553 3146 1895 3229 assignatO,
1945 3146 2108 3229 (91¹²)
2158 3147 2364 3211 nichil
2407 3154 2626 3214 tamen
2668 3152 2740 3214 in
2785 3153 2932 3236 ipso

653 3244 930 3309 termino
988 3243 1371 3309 adveniente
1425 3244 1599 3308 dicto
1658 3243 1765 3308 vel
1815 3247 2161 3329 proposit0,
2203 3247 2595 3333 demumque
2652 3251 2724 3314 in
2784 3253 2931 3336 ipsa

654 3363 847 3406 causa
868 3342 1187 3420 conclus0,
1205 3349 1270 3407 et
1291 3343 1565 3407 termino
1584 3342 1669 3406 ad
1697 3343 2087 3408 audiendam
2105 3348 2492 3411 sententiam
2511 3348 2930 3416 diffinitivam

651 3462 765 3524 per
815 3462 931 3505 nos
979 3442 1170 3506 dictis
1215 3442 1507 3524 partibus
1553 3442 1817 3524 praefixo
1849 3449 1916 3507 et
1961 3445 2303 3528 assignato,
2350 3448 2421 3511 in
2472 3468 2602 3531 quo
2648 3451 2928 3515 termino

649 3539 938 3623 partibus
966 3539 1290 3623 praedictis
1312 3560 1427 3623 per
1454 3546 1891 3622 procuratores
1913 3561 2061 3607 suos
2083 3545 2484 3628 supradictos
2501 3567 2709 3611 coram
2734 3549 2927 3615 nohis

650 3639 720 3701 in
761 3637 1009 3721 judicio
1068 3639 1588 3721 comparentibus
1605 3674 1694 3687 -
1711 3640 1777 3702 N
1779 3660 1867 3716 οε,
1928 3639 2481 3729 Co[m]missarius
2540 3647 2926 3726 antedictus,

650 3738 897 3802 rimatis
927 3737 1131 3822 ipsius
1162 3757 1371 3802 causae
1397 3739 1645 3803 meritis
1676 3746 1743 3804 et
1781 3741 1863 3804 ad
1892 3740 2158 3825 plenum
2189 3743 2516 3823 discussis,
2545 3745 2624 3810 de
2653 3748 2925 3812 consilio

642 3838 1161 3925 jurisperitorum
1218 3837 1405 3901 nobis
1463 3839 1925 3917 assistentium,
1983 3840 2284 3907 invocata
2354 3844 2635 3928 Spiritus
2698 3846 2927 3911 Sancti

646 3939 870 4025 gratia,
898 3938 981 4002 ad
1011 3937 1400 4002 sententiam
1423 3928 1837 4003 diffinitivam
1868 3940 1937 4002 in
1960 3960 2152 4005 causa
2180 3942 2490 4025 praedicta
2516 3945 2922 4028 procedimus

647 4041 718 4105 in
765 4040 940 4104 hunc
991 4037 1252 4102 modum
1277 4037 1553 4115 z—Quia
1598 4037 1969 4104 invenimus
2022 4039 2267 4106 dictam
2316 4049 2566 4125 partem
2617 4045 2921 4111 actricem

647 4141 1078 4205 intentionem
1120 4158 1305 4203 suam
1348 4158 1556 4203 coram
1604 4138 1792 4202 nobis
1833 4140 1903 4203 in
1939 4140 2190 4223 judicio
2234 4141 2597 4221 deductam,
2625 4150 2760 4209 tam
2805 4166 2923 4229 per

646 4240 1109 4305 confessionem
1127 4239 1316 4304 dictae
1343 4239 1545 4322 partis
1563 4258 1702 4314 reae,
1721 4259 1917 4321 quam
1935 4261 2051 4324 per
2068 4240 2195 4305 alia
2225 4242 2609 4307 documenta
2630 4244 2921 4329 legitima

646 4358 858 4402 coram
903 4340 1087 4404 nobis
1127 4339 1523 4423 judicialiter
1565 4338 1872 4415 exhibita,
1908 4338 2300 4404 sufficienter
2342 4343 2730 4425 probavisse,
2757 4364 2919 4427 prae-

643 4439 851 4502 fatum
876 4440 1231 4504 Dominum
1264 4440 1633 4515 Robertum,
1652 4439 1966 4503 vicarium
1990 4439 2273 4505 ecclesiae
2296 4441 2376 4506 de
2399 4442 2638 4521 Semar‚
2668 4450 2919 4527 partem

1627 4562 1649 4596 ¹
1687 4566 1862 4614 termin
1872 4562 1933 4616 α’.
