3285 5121
830 596 1369 648 CARTULARIUM
1404 597 1809 649 ABBATHIAE
1847 599 1942 648 DE
1979 599 2350 652 WHITEBY.

2921 590 3038 648 341

488 845 551 906 A
584 845 985 910 CATALOGUE
1016 863 1095 911 or
1123 864 1254 911 ‘ms
1284 849 1606 912 VOLUMEs
1637 864 1935 912 romanie
1963 865 2092 912 'rim
2121 851 2349 913 ABBEY
2381 850 2715 914 Limum}

142 1086 183 1142 ⁸11
200 1086 439 1138 Isidorus
480 1105 638 1154 super
675 1091 848 1141 Vetus
889 1091 1071 1142 Testa·
1184 1091 1344 1141 Liber
1451 1092 1770 1143 Maimionis.

253 1163 507 1209 mentum.

199 1228 339 1279 Item
413 1229 674 1282 Ysidorus

252 1299 447 1350 ickum.

199 1369 339 1420 Item
364 1387 523 1436 super
546 1371 822 1422 Summum
846 1373 1068 1423 Bonum.

144 1440 185 1494 51
204 1440 516 1494 Ambrosius
558 1443 624 1493 de
671 1448 853 1499 morte„
890 1443 1074 1494 fratris

253 1527 350 1562 sui.

201 1581 340 1632 Item
364 1582 675 1635 Exameron.

145 1652 348 1707 ffIBeda
388 1670 547 1719 super
588 1654 784 1705 Lucam
825 1658 880 1705 et
916 1671 1074 1721 super

254 1724 509 1775 Marcum.

201 1793 340 1844 Item
376 1794 442 1844 de
479 1795 840 1861 Temporibus.
933 1796 1071 1847 Item

254 1864 493 1915 Historia
539 1865 714 1931 gentis
761 1866 1071 1933 Anglorum.

255 1935 394 1985 Item
469 1952 628 2000 super
697 1937 1071 2003 Apocalipsim.

256 2005 393 2055 Item
422 2022 579 2072 super
615 2005 898 2058 Parabolas
932 2008 1075 2059 Salo-

254 2076 438 2129 monis.
572 2076 713 2128 Item
784 2094 940 2144 super
1000 2078 1075 2128 vii

254 2146 522 2211 Epistolas
617 2147 918 2210 canonicas,
1019 2152 1076 2199 et

254 2218 424 2268 Actus
449 2218 842 2283 Apostolorum.

146 2287 189 2341 Ὗ
204 2286 459 2339 Rabanus
484 2305 641 2354 super
675 2289 1070 2341 Mathematica.

206 2358 342 2408 Item
369 2359 632 2410 Mathaeus
656 2359 965 2426 glosulatus.

204 2428 342 2479 Item
368 2431 404 2480 J
407 2430 639 2481 ohannes
661 2431 967 2497 glosulatus.

145 2498 187 2552 Ἥ
207 2498 534 2550 Passionales
594 2501 790 2550 mensis
846 2502 1074 2553 Novem-

256 2568 407 2620 bris.²

203 2639 342 2690 ltcm

255 2712 291 2761 J
294 2711 511 2763 aunarii.

147 2779 483 2846 ffwosephus.
544 2781 802 2831 Ruffinus.
861 2781 1070 2831 Effrem.

257 2851 540 2917 Gregorius
558 2851 910 2902 Nazanzenus.
953 2852 1074 2901 Pro-

256 2922 497 2973 nosticon
550 2922 584 2970 J
589 2922 753 2971 uliani
814 2922 1071 2988 Episcopi.

259 2991 416 3042 Liber
508 2993 801 3043 Par-adiens.
936 2991 1074 3042 Item

256 3063 457 3130 Regula
505 3063 540 3113 J
543 3063 762 3114 ohannis
824 3062 1072 3113 Cassiani.

259 3133 397 3184 Item
472 3134 664 3184 Decem
737 3133 1072 3185 collationes.

258 3204 512 3255 Diadema
673 3205 1068 3255 Monachorum.

258 3275 395 3325 Item
463 3275 677 3325 decreta
747 3275 1071 3341 pontificum.

257 3345 586 3396 Pannormiae
624 3345 846 3395 Yvonis.
923 3346 1075 3395 Pros-

255 3432 349 3481 per
396 3416 462 3465 de
516 3416 692 3466 activa
740 3420 796 3467 et
843 3422 1074 3467 contem·

256 3486 458 3550 plativa
492 3488 619 3541 vita.
708 3487 881 3538 Glosae
918 3504 1076 3552 super

744 1231 1069 1298 Ethimolog·

457 2640 775 2692 Passionalis
883 2642 1076 2692 mensis

1364 1022 1559 1073 Second
1585 1022 1811 1073 Column-

1237 1161 1535 1214 Cuthberti.
1584 1161 2057 1214 MiraculaSanctae

1238 1233 1438 1284 Mariae.
1548 1233 1810 1283 Miracula
1873 1233 2058 1284 Sancti

1237 1303 1465 1354 Andreae
1548 1303 1808 1369 Apostoli.
1929 1304 2057 1354 Vita

1237 1374 1442 1424 Sanctae
1467 1374 1783 1439 Margaretae
1802 1378 1857 1425 et
1876 1374 2057 1425 Sancti

1238 1444 1490 1495 Maclovii
1514 1457 1569 1495 et
1590 1444 1772 1495 Sancti
1790 1445 2057 1495 Brendani

1238 1519 1295 1566 et
1342 1515 1549 1567 Sanctae
1603 1516 1788 1566 Marioe
1837 1515 2057 1582 Magda-

1236 1585 1453 1647 lenae,in
1471 1600 1575 1635 nno
1593 1585 1876 1639 volumine.
1928 1586 2058 1636 Vita

1241 1655 1421 1707 Sancti
1504 1656 1743 1722 Benigni.
1878 1657 2057 1708 Passio

1239 1726 1444 1777 Sanctae
1470 1726 1744 1777 Katerinae
1768 1726 2016 1793 Virginis.

1190 1797 1327 1848 Item
1344 1796 1524 1847 Sancti
1542 1797 1764 1847 Firmini
1778 1800 1835 1847 et
1851 1797 2057 1848 Sanctae

1234 1867 1384 1917 Fidis
1422 1867 1674 1934 Virginis.
1749 1867 1888 1918 Item
1924 1867 2061 1918 liber

1240 1937 1516 2002 Theophili
1552 1942 1609 1989 et
1641 1937 1862 1988 aliorum
1900 1937 2056 1989 Sanc-

1240 2013 1417 2058 torum
1489 2009 1547 2058 in
1607 2024 1714 2058 uno
1774 2008 2054 2060 volumine.

1244 2079 1380 2130 Item
1407 2078 1587 2144 Imago
1612 2079 1797 2129 mundi
1821 2083 1879 2130 et
1900 2078 2060 2130 Gilda

1240 2148 1297 2198 in
1333 2165 1439 2199 uno
1465 2149 1747 2201 volumine.
1823 2149 1962 2199 Item
1993 2151 2060 2201 de

1242 2219 1465 2270 Naturis
1513 2220 1804 2280 hominum,
1851 2224 1909 2271 et
1953 2220 2059 2271 Ars

1243 2290 1428 2357 Regni,
1473 2295 1529 2342 et
1571 2290 1638 2342 de
1679 2290 1960 2358 lapidibus,
2004 2292 2062 2341 in

1243 2377 1350 2411 uno
1391 2361 1672 2412 volumine.
1752 2362 1890 2412 Item
1929 2362 2063 2412 liber

1242 2432 1460 2496 Helysci
1498 2431 1835 2497 Conpetistae.
1922 2432 2060 2483 Item

1242 2501 1377 2552 liber
1441 2503 1506 2552 de
1580 2502 1942 2563 Semonibus,
2006 2507 2062 2551 et

1242 2572 1531 2623 Sententiae
1592 2573 1819 2623 Abbatis
1887 2572 2061 2622 Clare-

1245 2642 1491 2692 vallensis
1533 2642 1589 2691 in
1632 2658 1739 2691 uno
1778 2642 2057 2693 volumine.

1244 2711 1379 2762 Item
1412 2711 1549 2761 liber
1579 2712 1646 2762 de
1681 2712 2065 2762 Ecclesiasticis

1245 2782 1530 2841 Institutis,
1563 2787 1618 2832 et
1655 2781 1973 2848 Micrologus
1997 2783 2064 2833 de

1246 2852 1529 2902 Missarum
1555 2852 1766 2902 Officiis.

1191 2921 1330 2973 Item
1366 2922 1501 2972 liber
1527 2922 1786 2973 Guidonis
1820 2922 2064 2973 monachi

1242 2992 1309 3043 de
1358 2992 1601 3053 Musica3
1663 2998 1718 3042 et
1768 2993 1949 3058 Iginus
1997 2993 2064 3042 de

1243 3062 1522 3113 duodecim
1593 3063 1760 3128 signis
1831 3064 1886 3112 in
1958 3079 2064 3113 uno

1243 3133 1522 3184 volumine.
1636 3134 1773 3183 Item
1837 3135 2062 3203 Consue-

1243 3204 1553 3255 tudinarum
1573 3203 1720 3254 liber.
1776 3204 1915 3253 Item
1930 3203 2066 3254 liber

1244 3274 1443 3325 Odonis
1491 3280 1546 3324 et
1593 3274 1728 3325 liber
1774 3274 1950 3325 Tomae
1997 3275 2064 3324 de

1243 3346 1435 3396 Sancta
1497 3345 1675 3394 Hilda.
1771 3344 1908 3395 Item
1957 3345 2063 3394 Ex-

1243 3415 1510 3480 ceptiones
1553 3415 1884 3466 decretorum
1934 3416 2062 3467 Gra-

1244 3486 1396 3536 tiani.

255 3557 518 3621 Epistolas
558 3558 708 3608 Pauli
751 3559 807 3607 in
848 3557 887 3607 ii
929 3557 1072 3609 locis.
1135 3558 1174 3603 ⁸¹1
1194 3557 1533 3609 Sacramenta.
1618 3557 1865 3624 Magistri
1950 3557 2062 3607 Hu-
2093 3598 2096 3605 .

256 3626 428 3677 Glosae
468 3628 715 3678 Psalterii
752 3629 807 3677 in
850 3628 886 3677 ii
924 3627 1067 3678 locis.

255 3697 428 3749 Glosae
465 3716 623 3763 snper
650 3699 870 3749 Cantica
896 3699 1074 3750 Canti-

256 3784 450 3819 corum.
566 3769 644 3819 De
704 3771 812 3820 situ
876 3769 1071 3819 Dunel-

256 3840 452 3891 mensis
475 3839 735 3891 Ecclesiae.

1241 3628 1408 3694 gonis.

1190 3698 1327 3749 Item
1354 3697 1488 3748 liber
1511 3697 1576 3748 de
1602 3698 1762 3749 archa
1787 3697 1836 3748 N
1839 3714 1928 3749 oae.

2092 3818 2096 3899 i

2378 1023 2546 1073 Third
2568 1024 2781 1074 column.

1927 1091 2058 1143 Vita
2116 1094 2158 1149 51
2175 1093 2333 1144 Liber
2367 1094 2613 1161 Magistri
2651 1093 2799 1145 Petri
2840 1093 3046 1161 Longo·

2171 1235 2341 1301 Super
2364 1239 2474 1286 tres
2498 1234 2752 1299 epistolas
2775 1233 2944 1285 Pauli.

2172 1305 2412 1372 Origines
2453 1321 2611 1370 super
2646 1305 2817 1355 Vetus
2861 1305 3040 1356 Testa-

2225 1379 2510 1426 mentum.⁸

2118 1447 2158 1500 ἿῙ
2176 1446 2391 1497 Omeliae
2434 1445 2646 1496 Caesarii
2700 1445 2942 1512 Episcopi
2988 1449 3045 1496 et

2229 1516 2441 1567 Eusebii
2487 1521 2544 1567 et
2592 1515 2774 1566 Basilii
2833 1516 2891 1566 in
2937 1533 3044 1566 uno

2227 1586 2507 1637 volumine.

2117 1658 2160 1712 ἿῘ
2175 1657 2392 1707 Exodus
2462 1656 2785 1709 Glosulatus.
2906 1656 3046 1707 Item

2224 1727 2361 1778 liber
2419 1726 2598 1778 Sancti
2669 1726 2908 1794 Gregorii
2978 1728 3047 1777 de

2225 1796 2473 1848 conflictu
2517 1797 2786 1848 Vitiorum
2829 1802 2885 1848 et
2927 1798 3045 1848 Vir·

2224 1872 2422 1930 tutum,
2448 1873 2504 1918 et
2529 1867 2856 1920 Sermonum.

2120 1938 2162 1986 ‘n
2179 1938 2337 1989 Liber
2361 1935 2631 1989 Simonis.³

2119 2009 2161 2064 ‘ll
2179 2009 2278 2059 Isti
2325 2014 2454 2059 sunt
2506 2007 2633 2060 libri
2678 2008 3043 2074 grammatici:

2228 2080 2552 2130 Prudentius
2575 2079 2631 2129 in
2665 2079 2706 2129 ii
2739 2077 2884 2130 locis.
2960 2079 3048 2130 Se·

2228 2148 2404 2200 dulius
2439 2150 2497 2199 in
2529 2149 2569 2200 ii
2604 2148 2746 2200 locis.
2827 2149 3052 2215 Prosper

2229 2220 2541 2271 Theodolus.
2652 2219 2786 2270 Vita
2844 2220 3050 2271 Sanctae

2231 2291 2413 2342 Mariae
2457 2290 2744 2357 Egiptiacae
2791 2290 2848 2341 in
2887 2292 3049 2340 versi·

2230 2361 2344 2413 bus.
2411 2361 2571 2411 Liber
2594 2360 2831 2412 aratoris.
2894 2361 3053 2411 Liber

2231 2431 2488 2482 Bernardi
2524 2448 2682 2496 super
2705 2430 3047 2482 Theodolum.

2233 2501 2547 2552 Priscianus.
2649 2502 2789 2551 Item
2838 2501 2906 2551 de
2965 2517 3049 2551 ac·

2234 2573 2488 2623 centibus.
2553 2571 2773 2622 Boecius
2791 2571 2858 2621 de
2882 2572 3050 2621 Trini-

2232 2646 2360 2693 tate.
2420 2643 2559 2692 Item
2578 2642 2646 2692 de
2664 2640 3050 2692 Consolatione.

2233 2711 2391 2762 Liber
2416 2711 2668 2762 Platonis.
2734 2712 2873 2761 Item
2890 2713 2928 2763 J
2930 2729 3053 2762 uve-

2233 2782 2379 2833 nalis.
2474 2781 2680 2833 Statius
2730 2780 3045 2834 Achileides.
3119 2814 3122 2817 -

2233 2852 2440 2902 Tullius
2516 2851 2582 2902 de
2658 2851 2923 2915 Amicitia,
2999 2859 3054 2903 et

2233 2923 2368 2973 alius
2426 2923 2492 2972 de
2559 2922 2857 2974 Senectute.
2971 2924 3050 2973 De

2237 2992 2452 3043 Parado’
2476 2993 2749 3045 Bucolieae.
2819 2993 3047 3045 Oratius.

2239 3063 2487 3114 Avianus.
2675 3063 3048 3115 Maximianus.

2234 3133 2490 3184 Donatus.
2555 3133 2703 3184 Cato,
2766 3135 3051 3201 Remigius.

2234 3204 2391 3270 Hugo
2410 3220 2568 3269 snper
2591 3204 2878 3256 Donatum.
2945 3205 3052 3255 Ho-

2232 3291 2424 3325 merus.
2511 3275 2737 3325 Persius.
2833 3276 3051 3325 Deriva-

2232 3345 2419 3396 tiones.
2505 3344 2713 3395 Natura
2746 3345 3049 3398 bestiarum.

2233 3416 2552 3466 Prooemium
2590 3416 2685 3465 Ari
2693 3415 2954 3466 thmeticae
3000 3422 3056 3467 et

2234 3486 2453 3537 Musicae
2496 3486 2804 3551 prooemium
2848 3486 2904 3537 in
2948 3504 3054 3537 uno

2235 3556 2516 3608 volumine.

216 3949 236 3982 ¹
271 3951 400 4002 This
436 3953 707 4018 catalogue
745 3954 789 4003 is
824 3954 1035 4003 written
1075 3953 1129 4002 in
1167 3952 1480 4018 apparently
1504 3952 1596 4002 the
1632 3968 1775 4002 same
1811 3952 1968 4013 hand,
1997 3953 2100 4003 and
2137 3952 2270 4002 with
2307 3952 2400 4002 the
2434 3952 2698 4002 seli-same
2735 3953 2912 4018 glossy
2936 3953 3047 4012 mk,

146 4038 205 4072 as
229 4022 320 4072 the
346 4023 624 4073 Memorial
648 4023 753 4073 and
776 4023 902 4074 Nos.
931 4027 962 4073 2
987 4023 1093 4073 and
1120 4025 1167 4075 3.
1232 4024 1287 4073 It
1310 4023 1497 4073 stands
1521 4024 1574 4072 in
1600 4023 1750 4073 three
1771 4023 1988 4073 vertical
2011 4023 2227 4088 parallel
2249 4022 2489 4073 columns
2512 4038 2578 4072 on
2598 4022 2691 4073 the
2710 4022 2828 4073 first
2845 4023 2973 4074 folio
2998 4025 3052 4073 in

144 4093 237 4142 the
262 4093 417 4154 book,
444 4094 735 4144 numbered
764 4096 863 4145 138
901 4094 971 4158 by
998 4094 1092 4144 the
1127 4092 1618 4159 person—possibly
1645 4093 2129 4159 Gascoigne—who
2154 4093 2521 4143 re-numbered
2558 4093 2650 4143 the
2688 4110 2846 4160 pages
2870 4094 2926 4143 of
2959 4094 3053 4145 the

147 4163 369 4213 volume.
450 4167 526 4215 At
552 4165 644 4215 the
668 4165 875 4215 bottom
900 4165 956 4214 oi
995 4165 1089 4214 the
1131 4180 1263 4231 page
1307 4164 1352 4213 is
1388 4165 1481 4214 the
1518 4163 1792 4230 following
1826 4163 2275 4228 entryz—“This
2317 4163 2489 4214 books
2526 4179 2635 4213 was
2669 4163 2885 4214 showne
2923 4170 3053 4215 unto

148 4233 361 4285 Francis
387 4237 607 4300 Comyn,
632 4239 792 4301 gent„
820 4240 877 4285 at
901 4246 962 4300 5⁰
984 4235 1114 4285 time
1138 4235 1194 4285 of
1217 4235 1299 4284 his
1336 4235 1707 4293 examination,
1733 4234 1826 4284 the
1857 4234 1983 4285 loth
2009 4235 2113 4300 day
2139 4235 2194 4285 of
2217 4234 2345 4298 May
2376 4237 2525 4293 1671,
2558 4233 2736 4284 before
2762 4250 2822 4283 us

1112 4305 1344 4355 “Allane
1370 4305 1608 4355 Lamont.
1682 4304 1828 4354 John
1851 4304 2023 4355 Smith
2045 4304 2099 4355 :”

147 4374 251 4426 and
275 4390 339 4424 on
368 4375 460 4425 the
486 4382 637 4427 outer
662 4376 880 4442 margin,
906 4375 1316 4443 longitudinally
1340 4375 1497 4441 along
1521 4375 1581 4437 it,
1609 4375 1655 4426 is
1681 4375 1834 4441 again
1858 4373 1952 4425 the
1978 4374 2246 4441 following
2264 4394 2350 4423 :—

219 4445 394 4495 “This
443 4446 609 4496 booke
652 4463 761 4496 was
809 4446 1022 4497 showne
1058 4452 1187 4497 unto
1226 4446 1428 4497 Robert
1464 4445 1711 4496 Buschell
1745 4444 1908 4511 gentl’
1944 4451 2002 4496 at
2036 4455 2097 4510 ΥΘ
2131 4447 2260 4496 time
2297 4446 2352 4495 of
2386 4446 2471 4495 his
2505 4446 2878 4505 examination,
2921 4446 3052 4497 28th

144 4516 279 4581 ‹laye
304 4516 360 4565 of
384 4516 691 4582 September
722 4518 871 4579 1683,
895 4517 1073 4568 before
1098 4534 1161 4567 us

215 4656 236 4690 ²
273 4658 574 4709 Nouenbris.

1365 4592 1395 4614 “
1417 4587 1520 4638 Ma.
1550 4587 1793 4651 Phipson.
1868 4587 1923 4637 C.
1957 4585 2346 4636 Thomlinson.''

1000 4658 1021 4691 ³
1059 4660 1141 4709 On
1164 4660 1256 4712 the
1283 4659 1503 4724 margin,
1530 4658 1759 4709 without
1784 4657 1875 4708 the
1902 4656 2006 4707 line
2033 4657 2089 4707 oi
2111 4656 2205 4707 the
2229 4657 2376 4707 third
2402 4657 2623 4707 column.
