3285 5121
629 549 756 608 268
993 559 1542 614 cAR‘rULARIUM
1582 560 1998 613 ABBATHIAE
2034 560 2132 611 DE
2162 559 2537 614 WRITEBY.

623 742 776 787 cum
818 742 1025 808 nuper
1067 724 1140 788 in
1190 724 1563 789 visitatione
1615 730 1835 789 nostra
1892 732 2296 808 compertum
2353 724 2693 791 exstiterat
2736 725 2921 809 quod

627 822 939 908 Religiosi
966 824 1109 901 viri,
1137 824 1361 888 Abbas
1392 829 1457 888 et
1490 824 1689 889 ConV.
1712 823 1793 888 de
1816 822 2147 907 Whiteby,
2171 823 2358 889 Ebor.
2389 823 2731 901 dioceseos,
2761 825 2923 890 eccl.

623 922 1056 1004 parochialem
1100 922 1183 988 de
1242 924 1560 1007 Crosseby
1601 922 2126 997 Ravenswarthe,
2170 930 2407 988 nostrae
2457 924 2802 1001 dioceseos,
2844 924 2923 988 in

621 1042 780 1087 usus
809 1022 1096 1105 proprios
1117 1021 1448 1106 possident
1478 1027 1674 1106 atque
1693 1027 1938 1100 tenent,
1961 1028 2183 1086 contra
2203 1023 2316 1105 jus
2340 1042 2719 1088 commune:
2761 1044 2919 1088 cum

621 1119 841 1205 itaque
899 1120 983 1186 ad
1040 1120 1516 1186 ostendendum
1573 1128 1641 1185 et
1699 1119 2143 1185 exhibendum
2200 1121 2584 1185 canonicum
2641 1120 2702 1185 si
2751 1122 2917 1204 quid

621 1218 968 1284 habuerint
1025 1240 1218 1305 super
1274 1220 1795 1305 appropriatione
1854 1227 1922 1284 et
1978 1220 2339 1284 retentione
2391 1219 2584 1284 dictae
2628 1219 2919 1285 ecclesiae

619 1320 898 1385 fuissent
927 1319 1011 1385 ad
1039 1327 1247 1385 certos
1277 1319 1451 1384 diem
1480 1324 1548 1384 et
1576 1319 1793 1384 locum
1835 1339 2051 1384 coram
2095 1318 2283 1384 nobis
2327 1319 2617 1403 legitime
2645 1320 2920 1396 evocati,

622 1419 783 1484 dicti
811 1419 1135 1503 Religiosi,
1157 1420 1352 1502 juxta
1381 1419 1655 1482 formam
1695 1417 2087 1484 evocationis
2131 1417 2441 1502 ejusdem,
2468 1437 2585 1501 per
2613 1438 2917 1501 procura-

620 1524 826 1584 torem
869 1539 1090 1584 eorum
1133 1518 1524 1583 sufficienter
1582 1517 2031 1593 constitutum,
2071 1537 2288 1582 coram
2346 1517 2532 1582 nobis
2575 1537 2916 1601 comparu-

623 1623 831 1696 erunt,
849 1618 1163 1702 expositis
1180 1623 1248 1683 et
1264 1618 1533 1701 objectis
1550 1617 1721 1701 parti
1751 1617 2099 1682 eorundem
2118 1615 2587 1700 Religiosorum
2608 1617 2915 1682 omnibus

621 1717 965 1801 praedictis,
996 1718 1296 1801 factaque
1338 1716 1752 1800 responsione
1795 1715 1880 1780 ad
1915 1736 2008 1793 ea,
2029 1716 2399 1799 juramento
2429 1714 2510 1780 de
2539 1715 2918 1799 calumpnia

620 1821 688 1882 et
716 1817 797 1882 de
826 1817 1097 1881 veritate
1127 1815 1402 1881 dicenda
1442 1817 1752 1901 praestito,
1779 1814 2050 1880 diversis
2093 1814 2332 1879 litteris
2360 1821 2428 1880 et
2455 1815 2912 1880 instrumentis

620 1915 947 1993 exhibitis,
989 1915 1266 1979 testibus
1317 1915 1584 1999 insuper
1628 1934 1745 1998 per
1792 1919 2045 1998 partem
2094 1913 2386 1998 ipsorum
2437 1913 2911 1998 Religiosorum

618 2014 1019 2090 introductis,
1082 2013 1321 2096 juratis
1393 2019 1461 2077 et
1532 2012 1918 2077 examinatis
1935 2049 2026 2060 -
2042 2013 2197 2090 Nos,
2270 2012 2546 2077 Thomas
2622 2012 2909 2078 Karleol.

618 2113 975 2196 Episcopus
1003 2111 1392 2188 antedictus,
1409 2111 1564 2194 quia
1591 2132 1708 2195 per
1728 2116 1873 2175 acta
1890 2131 2106 2176 coram
2127 2111 2316 2177 nobis
2339 2132 2534 2195 super
2553 2111 2907 2195 praemissis

615 2212 839 2276 habita
895 2210 1323 2294 comperimus
1375 2210 1582 2275 dictos
1633 2209 1992 2294 Religiosos
2042 2211 2217 2277 viros
2267 2211 2509 2276 dictam
2551 2210 2908 2290 ecclesiam,

617 2330 768 2375 cum
825 2310 961 2374 suis
1024 2308 1285 2393 juribus
1356 2314 1424 2375 et
1494 2309 1907 2393 pertinentiis
1965 2310 2306 2389 universis,
2362 2310 2564 2375 fuisse
2634 2317 2704 2376 et
2766 2331 2905 2376 esse

617 2410 922 2475 canonice
940 2410 965 2449 ¹
1016 2415 1361 2487 assecutos,
1403 2407 1799 2493 ipsam[que]
1853 2408 2209 2488 ecclesiam,
2252 2430 2292 2474 a
2335 2415 2621 2493 tempore
2667 2415 2734 2474 et
2789 2430 2905 2494 per

615 2515 875 2595 tempus
904 2510 1090 2594 cujus
1133 2508 1311 2573 initii
1354 2508 1663 2575 memoria
1704 2507 2044 2574 hominum
2087 2528 2219 2574 non
2249 2508 2492 2587 existit,
2520 2505 2807 2575 tenuisse
2837 2516 2905 2575 et

614 2610 918 2676 habuisse
960 2616 1027 2675 et
1069 2610 1374 2675 canonice
1424 2608 1827 2694 possedisse,²
1856 2608 2113 2673 eosdem
2143 2608 2504 2693 Religiosos
2547 2608 2904 2693 predictam

617 2711 954 2776 ecclesiam
995 2710 1069 2774 in
1109 2710 1402 2794 proprios
1445 2729 1602 2774 usus
1647 2708 1883 2774 habere
1925 2708 2175 2786 debere,
2204 2713 2272 2772 et
2320 2708 2568 2773 fructus
2613 2708 2900 2793 ejusdem

616 2812 943 2894 percipere
971 2815 1040 2874 et
1066 2809 1139 2872 in
1172 2829 1325 2874 usus
1355 2808 1649 2894 proprios
1685 2813 2053 2873 convertere
2095 2827 2283 2891 posse
2311 2809 2807 2892 pronuntiamus
2835 2814 2905 2874 et

615 2908 1013 2974 declaramus
1062 2907 1136 2971 in
1179 2907 1308 2973 hiis
1348 2908 1624 2991 scriptis,
1654 2928 1729 2972 ac
1758 2907 1934 2991 ipsos
1977 2906 2334 2990 Religiosos
2363 2908 2446 2972 ab
2474 2908 2905 2993 impetitione,

617 3009 1064 3074 molestatione
1136 3014 1203 3073 et
1275 3008 1747 3092 inquietatione
1806 3007 2001 3072 officii
2063 3007 2244 3092 (100)
2306 3009 2530 3086 nostri,
2587 3015 2902 3094 tanquam

614 3107 1005 3172 sufficienter
1059 3107 1133 3170 in
1196 3105 1318 3171 hac
1377 3107 1680 3183 munitos,
1738 3106 2133 3171 absolvimus
2206 3112 2276 3170 et
2331 3106 2727 3173 dimittimus
2785 3129 2903 3193 per

614 3205 960 3271 decretum.
1048 3206 1133 3269 In
1190 3205 1375 3288 cujus
1431 3205 1527 3269 rei
1583 3209 1733 3269 test.
1793 3203 1907 3288 sig.
1966 3209 2261 3269 nostrum
2317 3206 2742 3289 praesentibus
2802 3215 2905 3272 est

617 3325 988 3388 appensum.
1076 3304 1325 3368 Datum
1375 3302 1549 3386 apud
1602 3303 1965 3368 manerium
2017 3308 2314 3369 nostrum
2355 3304 2437 3369 de
2477 3305 2663 3384 Rose,
2689 3305 2902 3390 primo

616 3405 722 3468 die
778 3403 1108 3468 Februarii
1167 3403 1248 3468 A.
1307 3402 1391 3468 D.
1450 3401 1800 3467 millesimo
1859 3423 1969 3468 ccc
2028 3404 2415 3488 octogesimo
2474 3405 2775 3484 secundo,
2833 3413 2904 3472 et

616 3506 850 3567 nostrae
877 3501 1375 3567 consecrationis
1405 3499 1729 3567 vicesimo.

1196 3714 1587 3779 CCCXVII.
1635 3715 1810 3779 ALIA
1839 3731 1927 3779 me
1957 3715 2315 3781 Cnossmzr.

704 3861 1040 3929 Universis
1115 3861 1175 3927 S.
1239 3863 1329 3926 M.
1393 3862 1564 3928 Eccl.
1634 3864 1807 3942 filiis,
1873 3865 1955 3928 ad
2017 3885 2179 3947 quos
2244 3886 2336 3950 pr.
2404 3865 2642 3930 litterae
2706 3887 2901 3950 perv„

616 3961 1029 4038 Willelmus,²3
1058 3982 1115 4044 p.
1148 3962 1209 4027 d.
1241 3962 1520 4027 Karleol.
1552 3963 1769 4048 Ep'us,
1799 3984 1845 4028 s.
1878 3964 1949 4027 in
1976 3964 2146 4028 D’no
2177 3965 2650 4049 sempiternam.
2729 3966 2897 4031 Cum

686 4114 705 4148 ¹
742 4116 1021 4167 canonicos.
2340 4112 2363 4147 ²
2393 4115 2682 4180 possedon.

682 4197 706 4232 ³
741 4198 979 4250 william
1014 4195 1336 4258 Strickland,
1364 4211 1425 4246 or
1449 4194 1759 4262 Styrkland,
1785 4195 1988 4248 elected
2010 4196 2068 4247 in
2099 4198 2250 4259 1395,
2274 4197 2377 4249 but
2411 4202 2508 4249 not
2541 4199 2898 4262 consecrated,

614 4283 706 4334 the
730 4282 957 4333 eleetion
978 4281 1139 4348 being
1161 4280 1400 4348 quashed
1423 4279 1497 4346 by
1514 4279 1609 4332 the
1633 4279 1792 4347 Pope,
1812 4281 1919 4332 and
1943 4279 2145 4332 Bobert
2170 4281 2363 4344 Reade,
2383 4281 2584 4348 Bishop
2608 4282 2665 4333 of
2688 4282 2897 4333 Water·

612 4365 734 4416 ford
775 4365 883 4416 and
923 4364 1172 4428 Lismore,
1213 4362 1508 4416 translated
1544 4368 1603 4415 to
1641 4363 1877 4416 Carlisle.
1953 4363 2040 4413 He
2077 4380 2187 4414 was
2228 4364 2518 4416 succeeded
2558 4365 2633 4431 by
2669 4365 2899 4417 Thomas

615 4447 830 4497 Merkes
853 4447 908 4497 in
938 4444 1088 4509 1397,
1114 4447 1236 4497 who
1259 4464 1370 4498 was
1405 4446 1636 4512 deposed
1672 4446 1758 4497 for
1790 4446 1921 4513 high
1956 4450 2168 4497 treason
2193 4447 2251 4497 in
2280 4448 2432 4499 1398.
2511 4447 2595 4498 On
2619 4447 2714 4499 the
2738 4449 2896 4514 depo·

612 4531 770 4581 sition
813 4529 868 4578 of
909 4529 1134 4588 Mei-ken,
1175 4529 1409 4580 william
1454 4529 1759 4580 Strickland
1795 4546 1904 4581 was
1940 4529 2226 4595 appointed
2261 4533 2321 4580 to
2359 4530 2580 4581 Carlisle
2621 4531 2696 4598 by
2732 4532 2897 4598 Papal
