3285 5121
751 616 1293 671 CARTULARIUM
1327 616 1733 668 ABBATHIAE
1770 615 1870 667 DE
1902 614 2276 667 WHITEBY.
2570 604 2648 661 23

374 779 693 864 Whiteby
715 780 1228 864 pertinentibus3
1270 787 1540 864 excepta
1569 780 1850 864 quadam
1881 780 2208 844 claustura
2236 799 2381 861 quae
2410 778 2648 842 dicitur
2671 791 2843 848 except
2864 787 2948 834 the

370 886 405 910 “
426 879 489 943 le
535 879 928 964 Haygarth,’'
971 900 1116 963 quae
1165 900 1283 964 per
1323 886 1454 943 tres
1501 899 1705 943 annos
1751 899 1790 943 a
1831 879 1996 943 festo
2042 878 2264 942 Sancti
2307 876 2649 940 Michaelis
2673 847 2943 908 Haygarth.

369 979 667 1063 proximo
711 980 929 1043 futuro
972 985 1129 1043 tunc
1174 977 1531 1043 remanebit
1572 978 1642 1040 in
1679 976 2400 1052 defenso—Habenda8‚
2429 995 2649 1038 omnes

372 1083 443 1142 et
493 1078 776 1162 singulas
828 1077 1185 1142 clausturas
1236 1077 1576 1162 praedictas
1629 1078 1966 1161 separaleS,
2011 1082 2078 1141 et
2120 1077 2192 1140 in
2242 1074 2649 1158 separalitate

376 1177 757 1261 tenendas,'(
765 1178 829 1261 5)
851 1177 1061 1242 eidem
1083 1177 1330 1241 Abbati
1352 1182 1420 1242 et
1438 1177 1810 1242 Conventui
1829 1182 1896 1241 et
1912 1197 2078 1241 succ.
2100 1176 2252 1253 suiS‚
2270 1176 2378 1239 lib.
2404 1175 2649 1257 integre

373 1283 442 1339 et
487 1277 618 1359 qui.
664 1277 1177 1360 imperpetuum:
1219 1275 1316 1341 ita
1360 1275 1534 1359 quod
1577 1297 1700 1340 nec
1744 1297 1860 1360 ego
1900 1276 2293 1351 willelmus,
2335 1294 2455 1338 nec
2499 1274 2647 1336 haer.

373 1376 524 1451 mei,
553 1396 672 1439 nec
701 1375 938 1459 aliquis
981 1396 1095 1459 per
1137 1396 1256 1439 nos
1301 1396 1419 1440 neo
1464 1375 1727 1440 nomine
1772 1381 2012 1452 nostr0,
2042 1374 2293 1457 aliquid
2335 1374 2501 1456 juris
2547 1373 2653 1435 vel

373 1473 595 1538 clamii
622 1475 695 1538 in
725 1474 1049 1558 aliquibus
1078 1474 1269 1559 praed.
1303 1474 1665 1550 clausturis,
1693 1475 1945 1538 ratione
1976 1474 2336 1538 communis
2374 1480 2652 1556 pasturae

374 1572 461 1636 ad
510 1572 786 1638 liberum
836 1581 1282 1639 tenementum
1334 1594 1553 1638 meum
1605 1574 1677 1636 in
1732 1573 2190 1656 Ugylbardby¹
2248 1571 2650 1656 pertinentis,

374 1692 493 1735 seu
534 1692 649 1756 per
691 1672 870 1736 aliud
927 1672 1205 1757 speciale
1249 1672 1497 1735 factum
1549 1671 1752 1735 michi
1802 1671 2053 1748 debitae,
2093 1678 2361 1755 excepto
2414 1672 2483 1734 in
2536 1670 2650 1734 “le

375 1770 769 1855 Haygarth‚’'
814 1779 962 1856 post
1003 1772 1262 1855 lapsum
1303 1772 1611 1855 temporis
1656 1770 1967 1855 praedicti,
1999 1771 2079 1835 de
2123 1778 2351 1835 caetero
2397 1772 2651 1854 exigere

372 1872 746 1953 poterimus,
777 1872 885 1936 vel
927 1872 998 1935 in
1041 1877 1371 1955 posterum
1401 1871 1777 1935 vendicare:
1823 1877 1922 1936 set
1950 1892 2052 1936 me
2084 1877 2149 1935 et
2179 1871 2326 1937 haer.
2357 1891 2532 1935 meos
2572 1870 2653 1933 ab

376 1970 555 2032 omni
591 1971 734 2054 jure
764 1970 1285 2036 communicandi
1315 1970 1385 2033 in
1416 1970 1660 2034 eisdem
1689 1971 2166 2056 imperpetuum
2196 1972 2328 2036 fore
2358 1972 2653 2036 exclusos

375 2069 582 2133 fateor
615 2091 731 2154 per
772 2075 1160 2155 praesentes:
1204 2069 1402 2134 salvis
1432 2069 1634 2133 michi
1668 2076 1734 2134 et
1777 2070 1924 2135 haer.
1959 2073 2120 2136 meis
2162 2071 2655 2136 rationabilibus

376 2170 729 2246 estoveriis,
773 2178 1011 2247 tamen,
1055 2170 1126 2233 in
1171 2170 1517 2234 clausturis
1564 2170 1645 2234 de
1695 2171 1982 2235 Eskedal
2042 2180 2108 2237 et
2163 2169 2430 2235 Yburn²
2481 2170 2653 2254 capi-

378 2268 580 2345 endis,
607 2276 801 2352 prout
835 2271 908 2333 in
938 2270 1217 2353 quodam
1262 2270 1500 2353 scripto
1545 2270 1698 2335 inde
1745 2272 2252 2335 antecessoribus
2297 2272 2458 2335 meis
2503 2291 2653 2333 con-

376 2368 547 2432 fecto
589 2369 847 2452 plenius
871 2370 1270 2435 continetur:
1303 2370 1448 2453 jure
1477 2391 1629 2434 vero
1661 2371 2182 2434 communicandi
2210 2372 2281 2434 in
2312 2370 2656 2435 clausturis

380 2465 461 2532 de
504 2468 790 2534 Eskedal
834 2477 900 2534 et
942 2467 1207 2533 Yburn⁸
1251 2469 1358 2533 die
1405 2471 1825 2555 praesentium
1871 2470 2290 2534 confectionis
2334 2471 2540 2549 factiS,
2580 2490 2656 2534 ea

380 2569 710 2632 occasione
740 2575 815 2632 ut
843 2570 1072 2633 boscus
1099 2590 1216 2653 per
1238 2570 1445 2633 dictos
1469 2571 1790 2635 Abbatem
1822 2577 1886 2634 et
1912 2570 2109 2634 Conv.
2135 2571 2419 2634 succisus
2451 2571 2657 2653 possit

380 2665 763 2732 recrescere⁴
789 2674 1075 2752 tempore
1104 2669 1370 2732 triennii
1400 2689 1439 2732 a
1469 2668 1572 2732 die
1602 2670 1979 2733 succisionis
2002 2669 2288 2732 vicissim
2319 2669 2636 2751 completo

380 2766 581 2830 michi
624 2773 691 2831 et
733 2767 882 2833 haer.
912 2768 1074 2832 meis
1117 2769 1386 2832 minime
1429 2767 1756 2852 praecluso,
1848 2769 1931 2831 In
1962 2768 2145 2851 cujus
2189 2768 2284 2830 rei
2313 2773 2455 2831 test.
2487 2768 2658 2850 parti

380 2866 715 2949 praesentis
765 2867 990 2950 scripti
1041 2866 1446 2951 cyrograffati
1496 2887 1695 2950 penes
1740 2867 1947 2931 dictos
1997 2867 2321 2930 Abbatem
2370 2872 2436 2930 et
2488 2866 2656 2930 Con·

381 2971 652 3027 ventum
693 2965 1053 3029 remanenti
1097 2966 1210 3049 sig.
1242 2983 1458 3028 meum
1489 2964 1779 3047 apposui,
1808 2963 2011 3027 altera
2038 2984 2189 3027 vero
2233 2969 2414 3047 parte
2444 2964 2655 3047 sigillo

381 3063 728 3128 eorundem
756 3064 1034 3129 Abbatis
1078 3071 1145 3130 et
1186 3065 1381 3129 Conv,
1416 3066 1804 3148 consignata.
1897 3063 2046 3127 Hiis
2077 3063 2364 3127 testibus.
2455 3064 2654 3126 Alex-

381 3162 613 3226 andro⁶
658 3164 734 3229 de
780 3164 1000 3246 Pemy,
1044 3170 1110 3228 et
1161 3164 1439 3228 Roberto
1483 3163 1848 3240 Acklome,⁶
1889 3163 2253 3227 militibus!
2341 3164 2531 3227 Petro
2577 3163 2656 3226 dc

382 3262 723 3345 Lyncolne.
842 3262 1199 3327 Willielmo
1261 3263 1340 3327 de
1397 3263 1573 3327 Aula
1648 3264 1726 3328 de
1784 3263 2116 3347 Whiteby.
2236 3263 2513 3327 Roberto
2576 3263 2656 3326 de

380 3360 623 3426 Everle.
742 3362 788 3427 J
793 3362 1046 3426 ohanne
1120 3362 1329 3445 LepiZ.
1452 3364 1496 3426 J
1501 3362 1755 3427 ohanne
1817 3363 1897 3427 de
1957 3362 2308 3447 Wykham,
2367 3371 2434 3427 et
2493 3362 2653 3427 aliis.
2758 3385 2766 3392 ·

380 3460 628 3524 Datum
672 3461 848 3545 apud
893 3462 1224 3545 Whiteby,
1279 3462 1608 3526 tricesimo
1655 3463 1761 3527 die
1805 3463 2110 3548 Augusti,
2156 3483 2324 3526 anno
2367 3484 2452 3547 gr.
2506 3462 2652 3525 mil-

381 3560 630 3638 lesim0,
659 3563 1129 3637 trecentesimO,
1159 3561 1517 3625 undecimo

556 3799 743 3865 XXI.
792 3800 910 3884 [M.
946 3801 1076 3884 48]

468 3948 790 4014 Omnibus
832 3950 955 4014 hoc
1002 3971 1117 4014 scr.
1149 3971 1390 4034 cyr-ogr.
1440 3950 1557 4013 vis,
1605 3948 1716 4012 vel
1758 3947 1921 4025 aud„
1950 3948 2339 4026 willelmus,
2370 3949 2542 4013 filius
2588 3959 2652 4013 et

381 4046 582 4113 haeres
641 4049 966 4115 willelmi
1023 4051 1104 4114 de
1164 4050 1398 4115 Everle
1457 4049 1537 4113 de
1594 4048 1994 4133 Ugylbardy,
2053 4048 2166 4113 sal.
2225 4049 2296 4111 in
2356 4050 2654 4113 Domino,

380 4146 709 4212 Noveritis
752 4170 856 4213 me
902 4171 1076 4214 cono.
1121 4149 1330 4214 remis.
1378 4155 1444 4213 et
1488 4169 1656 4212 omn.
1705 4147 1783 4210 de
1835 4168 1939 4211 me
1982 4147 2131 4211 haer.
2180 4149 2341 4212 meis
2385 4150 2652 4232 imperp.

381 4266 485 4329 qu.
518 4246 829 4312 clamasse
858 4249 1064 4326 D’n0.‚
1096 4255 1237 4324 etc„
1265 4269 1337 4312 as
1367 4248 1436 4310 in
1462 4247 1574 4311 the
1603 4246 1746 4310 last.

452 4407 469 4442 ¹
509 4410 584 4461 M.
611 4410 969 4476 Vgelbardby.
1204 4408 1225 4442 ²
1260 4411 1334 4462 M.
1362 4409 1659 4462 Eschedale
1684 4413 1740 4460 et
1763 4408 2000 4462 Yburne.
2218 4406 2240 4440 ³
2275 4409 2387 4458 The
2410 4425 2567 4459 same.

452 4489 474 4524 ⁴
510 4509 793 4544 recrescere.
1199 4490 1223 4525 ⁶
1260 4494 1332 4544 M.
1362 4494 1589 4545 Domino
1615 4493 1933 4553 Alexandro,
1961 4498 2058 4543 etc.
2222 4490 2244 4522 ⁶
2279 4491 2352 4541 M.
2381 4491 2651 4545 Ackelom.

452 4571 472 4606 ⁷
512 4575 584 4626 M.
619 4581 652 4604 ‘⁶
670 4580 725 4626 et
749 4576 906 4628 aliis'’
930 4597 944 4638 ς
981 4594 1050 4627 no
1074 4578 1229 4628 other
1253 4577 1529 4629 witnesses
1553 4575 1715 4642 being
1738 4576 1998 4642 specified.
