3285 5121
723 573 1268 628 CARTULARIUM
1302 573 1710 626 ABBATHIAE
1745 574 1845 626 DE
1878 576 2252 632 WHITEBY.
2492 571 2610 630 281

340 736 688 819 propositis
734 737 1124 822 quibusdam
1173 738 1422 803 frivolis
1474 739 1962 822 exceptionibus
2015 748 2080 805 et
2131 744 2415 822 cassatis,
2459 745 2618 810 dicti

339 835 562 899 Abbas
591 841 660 900 et
689 836 889 903 Conv.
918 836 1003 900 ad
1032 836 1263 901 Sedem
1290 837 1737 920 Apostolicam
1767 838 1996 904 frivole
2026 841 2449 925 appellarunt,
2468 865 2618 909 cum

339 953 472 998 non
501 934 733 999 fuisset
761 935 845 1000 ad
889 956 1031 999 eam
1074 936 1187 1001 sed
1226 935 1310 999 ad
1336 936 1888 1002 Archidiaconum
1930 946 2354 1005 memoratum
2397 945 2619 1028 appel-

338 1030 628 1110 landum,
656 1038 977 1117 praetextu
1006 1034 1108 1117 cuj
1114 1053 1190 1097 us
1221 1034 1696 1118 appellationis,
1724 1037 2056 1103 occasione
2097 1038 2236 1104 litis
2264 1042 2620 1120 retardatas,

341 1131 517 1213 (109)
557 1137 947 1197 memoratus
984 1131 1356 1197 Willelmus
1400 1132 1684 1217 dampna
1724 1135 1944 1218 gravia
1986 1143 2053 1201 et
2096 1158 2426 1222 expensae,
2456 1162 2617 1223 quas

340 1228 618 1294 aestimat
663 1229 747 1294 ad
789 1230 1218 1313 quadraginta
1268 1250 1533 1308 marcas,
1576 1251 1647 1296 se
1698 1233 1925 1297 asserit
1975 1234 2362 1302 incurrisse:
2418 1259 2617 1322 quare

337 1326 504 1408 petit
561 1327 734 1392 idem
790 1328 1163 1393 Willelmus
1236 1329 1576 1412 praedictos
1634 1329 1956 1396 Abbatem
2014 1339 2080 1397 et
2138 1336 2337 1400 Conv.
2397 1337 2480 1401 ad
2545 1339 2617 1402 xl

335 1444 578 1491 marcas
607 1447 919 1510 expensas
942 1427 1203 1492 nomine
1234 1427 1361 1492 sibi
1390 1428 1866 1512 condempnari,
1886 1437 1953 1495 et
1981 1431 2065 1496 ad
2092 1434 2615 1501 satisfaciendum

337 1524 547 1589 eidem
604 1526 936 1591 Willelmo
995 1526 1076 1591 de
1133 1526 1206 1590 xl
1263 1528 1497 1592 marcis
1553 1529 1722 1612 petit
1777 1531 2119 1614 praedictos
2167 1533 2493 1599 Abbatem
2551 1542 2619 1600 et

339 1624 766 1703 Conventum,
810 1646 884 1690 ac
935 1630 1411 1710 procuratorem
1463 1647 1685 1692 eorum
1729 1630 2075 1695 eorundem
2121 1633 2400 1714 nomine,
2442 1655 2614 1699 com-

338 1722 510 1804 pelli.
600 1724 761 1788 Haec
791 1724 952 1789 dicit
980 1724 1161 1790 salvo
1190 1726 1315 1790 sibi
1337 1727 1504 1811 juris
1533 1727 1845 1794 beneficio
1876 1730 1948 1793 in
1976 1731 2289 1797 omnibus.

761 1925 1222 1993 CCCXXXII.
1269 1927 1443 1991 Am
1473 1943 1687 1993 cAsrA
1716 1944 1802 1992 ns
1835 1929 2191 1997 Cnossnmr.

426 2063 611 2129 Omn.
646 2064 708 2130 S.
726 2065 818 2129 M.
848 2064 1021 2132 Eccl.
1055 2066 1206 2131 filiis
1237 2066 1319 2131 ad
1349 2087 1509 2151 quos
1540 2087 1632 2151 pr.
1655 2067 1891 2132 litterae
1918 2068 2344 2151 pervenerint,
2374 2070 2612 2155 Magis-

336 2169 434 2227 ter
477 2164 838 2248 Hospitalis
881 2165 1193 2249 Riponiae‚
1221 2171 1289 2231 et
1330 2168 1634 2231 Decanus
1672 2165 2180 2232 Christianitatis
2213 2169 2394 2253 [loci]
2440 2171 2612 2253 ejus·

334 2261 499 2341 dem,
527 2270 819 2349 gerentes
848 2265 1023 2330 vices
1063 2265 1303 2330 Prioris
1333 2265 1413 2331 de
1458 2266 1866 2345 Kirkeham,¹
1897 2272 1964 2332 et
2005 2267 2161 2331 D'ni
2205 2268 2501 2352 Hugonis
2531 2269 2611 2333 de

334 2363 714 2443 Roderham,
776 2365 1087 2430 Canonici
1157 2365 1471 2449 Riponiae,
1529 2365 1826 2450 judicum
1894 2387 1931 2430 a
2008 2366 2170 2431 Sede
2235 2368 2612 2452 Apostolica

334 2462 800 2545 deputatorum,
833 2465 1002 2529 D'no
1047 2464 1370 2542 RobertO,²
1409 2465 1883 2529 Archidiacono
1928 2465 2375 2547 Dunelmensi,
2417 2470 2610 2534 tertio

334 2581 552 2625 eorum
581 2564 933 2646 conjudice,
962 2564 1047 2628 ad
1081 2568 1285 2629 totam
1329 2583 1587 2628 causam
1632 2564 1921 2648 legitime
1964 2572 2288 2642 excusato,
2317 2566 2389 2629 in
2418 2587 2612 2632 causa

335 2662 785 2745 appellationis
807 2664 1160 2748 interjectae
1187 2684 1304 2749 per
1321 2663 1649 2728 Abbatem
1671 2671 1738 2728 et
1762 2663 2174 2728 Conventum
2195 2664 2275 2729 de
2297 2664 2611 2749 Whiteby

335 2761 417 2823 ab
460 2762 978 2844 augmentatione
1028 2763 1201 2827 facta
1247 2762 1502 2827 vicariae
1553 2760 1839 2826 ecclesiae
1890 2781 2113 2826 eorum
2157 2761 2236 2826 de
2290 2762 2610 2847 Crosseby

334 2859 851 2938 Ravneswarthe,
882 2861 1151 2926 Karliol.
1184 2861 1526 2939 dioceseos,
1556 2860 1637 2925 de
1665 2860 1818 2924 lana
1846 2865 1911 2924 et
1940 2860 2141 2944 agnis,
2169 2880 2285 2943 per
2327 2860 2610 2925 officium

333 2956 736 3023 Venerabilis
778 2960 999 3043 patris,
1028 2959 1184 3023 D’ni
1226 2958 1596 3043 R[oberti],²
1627 2958 1897 3024 Karliol.
1928 2958 2252 3042 Episcopi,
2282 2964 2350 3023 et
2376 2959 2610 3023 Archi-

333 3055 585 3121 diaconi
638 3057 926 3136 Karliol.,
964 3058 1200 3142 quibus
1251 3058 1425 3123 idem
1467 3058 1849 3142 Episcopus,
1882 3057 2088 3141 judex
2133 3077 2174 3121 a
2215 3057 2386 3122 D'no
2433 3058 2611 3142 Papa

334 3153 679 3240 delegatus,
708 3154 1149 3222 commiserat⁸
1182 3179 1377 3242 super
1417 3158 1539 3223 hoc
1584 3156 1874 3222 totaliter
1918 3157 2092 3221 vices
2137 3176 2304 3234 suas,
2332 3156 2610 3221 salutem

332 3254 404 3317 in
430 3254 712 3321 Domino
741 3257 1214 3341 sempiternam.
1305 3258 1471 3323 Cum
1513 3277 1631 3342 pro
1672 3255 2106 3340 appellatione
2134 3262 2202 3320 et
2230 3255 2369 3340 ejus
2399 3276 2610 3334 causa,

322 3352 582 3434 justitia
603 3355 945 3433 mediante,
963 3356 1597 3439 pronuntiaverimus
1619 3353 2213 3439 augmentationem
2236 3354 2610 3438 praedictam

330 3450 413 3515 de
440 3451 592 3517 lana
620 3461 687 3518 et
715 3454 896 3539 agnis
926 3454 1301 3532 revocandO,
1332 3461 1398 3520 et
1427 3455 1681 3519 eosdem
1718 3454 1900 3519 lanas
1931 3458 1998 3517 et
2026 3473 2223 3538 agnos
2251 3452 2498 3517 Abbati
2542 3458 2611 3517 et

331 3549 530 3615 Conv,
589 3552 1052 3635 adjudicantes,
1110 3574 1187 3618 ac
1249 3561 1560 3637 perpetuo
1618 3573 1814 3631 nexu,
1873 3551 2045 3617 sicut
2116 3552 2299 3636 prius
2357 3572 2612 3637 semper

330 3649 604 3727 fuerant,
660 3651 944 3715 rectoriae
1002 3651 1285 3716 ecclesias
1350 3657 1720 3717 memoratae
1778 3652 2079 3717 unientes
2103 3651 2414 3732 3—Vobis
2473 3673 2609 3716 om-

329 3748 523 3813 nibus
567 3754 635 3813 et
677 3749 967 3834 singulis,
1005 3750 1078 3813 in
1121 3750 1364 3815 virtute
1417 3750 1799 3815 obedientias
1843 3771 1973 3834 qua
2024 3750 2178 3815 Sedi
2224 3751 2610 3834 Apostolicae

326 3848 643 3912 tenemini
714 3848 983 3913 firmiter
1052 3848 1469 3933 injungendo,
1526 3849 1910 3913 mandamus
1984 3850 2294 3933 quatinus
2367 3850 2609 3914 dictam

327 3948 718 4013 sententiam
763 3955 1065 4026 nostram,
1108 3954 1224 4013 aut
1268 3949 1474 4032 ipsius
1519 3949 1838 4025 effectum,
1871 3949 2260 4032 perturbare,
2299 3949 2609 4032 impedire

327 4051 443 4109 aut
501 4046 817 4112 contraire
868 4067 1279 4131 quocumque
1327 4046 1519 4112 modo
1569 4068 1704 4112 non
1760 4048 2184 4131 praesumatis,
2235 4046 2358 4112 sub
2415 4067 2609 4131 poena

398 4195 418 4230 ¹
454 4197 619 4265 Hugh
644 4213 828 4248 occurs
850 4198 909 4248 in
937 4197 1407 4260 1261.—(Burton,
1436 4214 1487 4264 p.
1516 4198 1662 4260 377.)

397 4276 420 4311 ²
454 4279 659 4332 Robert
676 4280 743 4331 de
767 4281 844 4332 St.
865 4281 1081 4347 Agatha
1095 4295 1204 4331 was
1222 4279 1471 4331 collector
1487 4279 1544 4331 of
1566 4280 1662 4331 the
1688 4279 1846 4331 tenth
1864 4278 1921 4330 in
1944 4279 2040 4330 the
2058 4279 2264 4331 diocese
2284 4279 2340 4331 of
2364 4279 2605 4331 Durham

325 4363 380 4413 in
411 4362 565 4425 1267,
589 4363 695 4413 and
719 4380 830 4414 was
854 4363 1203 4415 Archdeacon
1227 4363 1285 4412 in
1314 4363 1637 4426 1271.-(Le
1663 4363 1851 4425 Neve.)

392 4444 417 4479 ³
452 4449 753 4507 convicerat,
784 4446 963 4498 which
999 4446 1045 4498 is
1081 4444 1357 4511 obviously
1382 4462 1677 4498 erroneous.
1752 4444 1865 4496 The
1900 4448 2031 4495 next
2053 4443 2204 4507 deod,
2236 4444 2411 4496 which
2435 4460 2522 4495 see
2547 4461 2607 4495 as

324 4529 612 4581 connected
638 4529 768 4580 with
793 4529 919 4590 this,
950 4529 1101 4580 reads
1126 4530 1456 4580 commiserat.
