3285 5121
653 633 1198 687 CARTULARIUM
1237 632 1647 685 ABBATHIAE
1684 633 1780 684 DE
1816 632 2187 685 WHITEBY.
2436 623 2559 679 257

273 823 359 867 ex
379 800 781 866 ordinatione
804 797 1116 882 praedicta
1142 818 1258 882 pro
1280 797 1730 882 procuratione
1758 818 1832 862 ac
1861 798 1996 881 (93)
2024 796 2308 861 utilitate
2330 817 2370 860 a
2391 796 2560 861 clero

276 923 411 967 suae
466 901 789 965 dioceseos
847 918 1243 976 concessum,
1289 902 1356 962 et
1406 898 1618 962 eidem
1669 903 1747 960 ut
1796 898 1907 981 jus
1957 917 2150 961 suum
2201 895 2560 980 episcopale

277 1001 591 1077 debitum,
612 999 935 1064 subtraxit
968 1005 1035 1063 et
1064 998 1311 1063 solvere
1333 998 1657 1062 recusavit
1686 997 1902 1061 minus
1925 997 2120 1079 juste,
2142 996 2211 1059 in
2242 996 2557 1059 dictorum

278 1100 555 1164 Abbatis
586 1104 653 1165 et
676 1099 875 1164 Conv.
897 1097 1348 1182 praejudicium
1378 1117 1507 1160 non
1528 1095 1856 1187 modicum
1885 1103 1952 1160 et
1978 1116 2359 1181 gravamen3
2388 1093 2561 1178 quod

276 1199 542 1284 quidem
571 1197 953 1275 subsidium,
983 1197 1063 1262 de
1106 1217 1278 1260 anno
1320 1196 1552 1259 ultimo
1597 1196 1921 1279 praeterito
1950 1195 2124 1260 dicto
2155 1195 2301 1259 d'no
2332 1194 2561 1259 Archi-

277 1299 596 1382 episcopo,
623 1303 700 1361 ut
727 1296 1165 1381 praemittitur,
1195 1295 1506 1372 debitum,
1535 1296 1617 1359 ad
1647 1301 1926 1379 quatuor
1945 1315 2188 1360 marcas
2217 1296 2465 1380 argenti
2492 1314 2561 1359 se

277 1398 525 1464 notarie
568 1397 976 1475 extendebat,
1005 1417 1152 1480 quae
1196 1402 1353 1461 sunt
1394 1396 1674 1480 publica,
1704 1394 1953 1460 notaria
1996 1400 2064 1460 et
2106 1395 2448 1459 manifesta
2488 1395 2561 1458 in

277 1498 518 1562 diocesi
547 1497 752 1573 Ebor„
781 1496 1085 1581 parochia
1113 1496 1194 1560 de
1240 1496 1480 1573 Semar,
1509 1501 1577 1560 et
1618 1495 1778 1560 locis
1806 1494 2059 1573 vicinis,
2089 1502 2156 1559 et
2198 1515 2391 1578 super
2432 1494 2560 1559 hiis

277 1596 523 1660 ibidem
592 1596 909 1661 laboravit
980 1602 1049 1661 et
1119 1594 1333 1660 adhuc
1402 1594 1654 1659 laborat
1724 1594 1988 1679 puplica
2059 1615 2189 1658 vox
2246 1599 2315 1659 et
2371 1594 2559 1660 fama.

282 1694 495 1771 Quare
543 1693 712 1778 petit
761 1702 1130 1778 procurator
1172 1694 1402 1771 dictus,
1432 1694 1694 1758 nomine
1724 1714 1851 1777 quo
1903 1713 2097 1777 supra
2140 1694 2447 1777 probatur
2488 1693 2559 1756 in

279 1791 403 1857 hoc
454 1813 609 1857 casu
658 1797 739 1861 de
782 1795 930 1878 jure
986 1794 1332 1878 probando,
1376 1813 1445 1858 se
1504 1793 1735 1877 quavis
1786 1794 1895 1858 via
1935 1794 2103 1877 juris
2154 1793 2407 1858 detecta
2455 1792 2562 1857 vel

282 1890 645 1971 declarata,¹
689 1894 932 1958 dictum
983 1893 1205 1957 d'num
1264 1894 1635 1970 Robertum,
1682 1893 1997 1958 vicarium
2040 1891 2437 1977 praedictum,
2480 1891 2562 1955 ad

280 1991 709 2071 subeundum,
739 1992 1124 2057 solvendum
1165 1991 1415 2057 dictum
1457 1992 1823 2056 subsidium
1853 1992 2118 2076 praefato
2147 1990 2294 2055 d’no
2329 1991 2562 2055 Archi-

282 2090 582 2176 episcopo
632 2112 673 2156 a
721 2092 898 2157 dicta
946 2091 1217 2157 ecclesia
1258 2092 1338 2157 de
1390 2112 1560 2157 anno
1610 2092 1804 2176 praed.
1836 2111 2224 2168 concessum,
2254 2090 2564 2168 debitum,

282 2192 488 2255 teneri
517 2198 584 2256 et
611 2191 880 2277 obligari
909 2192 991 2256 ad
1021 2191 1408 2257 solutionem
1437 2191 1746 2275 ejusdem,
1769 2212 2015 2257 necnon
2047 2191 2220 2274 ipsos
2245 2190 2562 2255 Abbatem

282 2293 350 2354 et
395 2290 592 2354 ConV.
623 2291 947 2356 immunes
999 2299 1066 2355 et
1117 2291 1369 2368 illaesos,
1400 2292 1613 2375 quoad
1658 2291 2046 2356 solutionem
2076 2290 2383 2374 ejusdem,
2412 2310 2563 2354 con·

284 2389 673 2468 servandos,2
702 2390 1221 2473 compellendum
1264 2390 1397 2455 fore
1441 2411 1556 2475 per
1596 2410 1713 2455 vos
1757 2390 2033 2468 decerni,
2061 2389 2465 2474 pronuntiari
2501 2396 2568 2454 et

286 2488 613 2569 declarari,
657 2509 732 2555 ac
783 2491 1000 2574 ipsum
1040 2490 1375 2555 Vicarium
1418 2490 1503 2554 ad
1552 2490 1940 2554 solutionem
1993 2489 2281 2573 ejusdem
2326 2488 2397 2551 in
2447 2488 2570 2553 hoc

286 2607 440 2652 casu
495 2589 896 2673 integraliter
953 2589 1313 2655 faciendam
1384 2610 1499 2673 per
1555 2609 1673 2654 vos
1747 2588 2049 2672 compelli
2121 2596 2187 2653 et
2260 2588 2566 2653 canonice

285 2686 622 2764 coherceri,
642 2709 715 2754 ac
745 2689 1016 2754 ulterius
1045 2689 1171 2753 sibi
1200 2688 1339 2751 fieri
1368 2688 1439 2751 in
1467 2687 1816 2772 praemissis
1841 2693 1907 2752 et
1936 2708 2013 2752 ea
2042 2686 2566 2770 contingentibus

286 2786 645 2851 secundum
676 2792 976 2852 naturam
1020 2792 1086 2851 et
1129 2786 1515 2871 qualitatem
1558 2786 1903 2850 eorundem
1947 2785 2021 2849 in
2063 2785 2364 2854 omnibus
2392 2784 2568 2868 quod

286 2891 387 2950 est
427 2886 697 2971 justum.
787 2888 948 2952 Haec
996 2886 1173 2964 dicit,
1217 2885 1469 2970 allegat,
1512 2885 1816 2969 proponit
1859 2890 1926 2950 et
1967 2884 2151 2968 petit,
2180 2904 2254 2949 ac
2301 2884 2568 2967 probare

285 2985 570 3051 intendit
614 2987 826 3052 dictus
884 2991 1272 3070 procurator,
1316 2984 1577 3049 nomine
1620 3005 1750 3069 quo
1801 3005 2014 3068 supra,
2058 2983 2456 3068 conjunctim
2501 2989 2568 3048 et

286 3084 569 3162 divisim,
607 3086 889 3150 officium
932 3091 1222 3150 vestrum
1264 3084 1601 3149 humiliter
1641 3084 2012 3168 implorans,
2049 3085 2217 3168 juris
2259 3084 2568 3149 beneficio

285 3184 360 3247 in
410 3185 708 3248 omnibus
767 3205 1018 3269 semper
1075 3184 1271 3262 salv0,
1317 3185 1562 3269 liteque
1619 3184 1705 3248 ad
1762 3184 2049 3267 ejusdem
2107 3183 2401 3248 libellum
2454 3204 2570 3268 per

288 3284 531 3348 dictam
574 3290 820 3367 partem
863 3305 1035 3349 ream
1069 3285 1281 3350 verbis
1325 3284 1644 3369 negativis
1689 3289 2062 3362 contestata,
2093 3305 2168 3349 ac
2203 3284 2570 3367 juramento

287 3382 369 3446 de
413 3381 780 3466 calumpnia
807 3390 873 3448 et
903 3384 981 3449 de
1012 3385 1283 3449 veritate
1329 3384 1603 3449 dicenda
1648 3383 1801 3448 hinc
1845 3389 1913 3447 et
1956 3383 2109 3448 inde
2153 3382 2461 3467 praestito,
2492 3403 2566 3446 ac

289 3480 689 3546 ordinatione
720 3482 911 3547 dictae
939 3483 1196 3547 vicariae
1224 3483 1305 3548 de
1336 3484 1559 3548 Semar
1586 3504 1703 3567 per
1731 3482 1973 3548 dictam
2001 3490 2251 3566 partem
2267 3483 2568 3548 actricem

289 3579 363 3642 in
391 3579 753 3644 subsidium
782 3582 1178 3664 probationis
1207 3602 1340 3647 suae
1377 3582 1774 3666 judicialiter
1800 3603 2011 3647 coram
2043 3582 2229 3647 nobis
2258 3581 2571 3666 producta

290 3683 358 3742 et
402 3677 709 3754 exhibita,
752 3686 819 3743 et
861 3680 1044 3763 copia
1086 3681 1376 3763 ejusdem
1418 3682 1586 3764 parti
1629 3701 1754 3746 reae
1799 3681 2069 3759 decreta,
2099 3681 2413 3765 factisque
2456 3701 2572 3764 per

289 3797 408 3842 nos
474 3777 862 3861 quibusdam
925 3781 1424 3863 interrogatoriis
1484 3783 1674 3847 dictae
1691 3783 1720 3822 ⁸
1777 3783 1949 3867 parti
2006 3802 2146 3859 reae,
2205 3782 2569 3865 secutisque

289 3877 811 3960 responsionibus
840 3879 924 3943 ad
952 3880 1226 3957 eosdem,
1257 3887 1323 3945 et
1365 3882 1639 3945 termino
1685 3882 1767 3946 ad
1810 3881 2224 3966 proponenda
2253 3882 2470 3946 omnia
2497 3882 2569 3944 in

290 3977 461 4041 facto
484 3977 903 4042 consistentia
931 3978 1127 4044 dictis
1155 3979 1446 4063 partibus
1475 4001 1591 4064 per
1619 4001 1736 4045 nos
1764 3982 2025 4064 praefixo
2049 3986 2114 4046 et
2135 3980 2476 4064 assignatO,
2496 3980 2569 4044 in

292 4095 422 4159 quo
463 4075 739 4140 termino
782 4077 1073 4161 partibus
1132 4078 1456 4162 praedictis
1514 4101 1630 4164 per
1673 4085 2109 4164 procuratores
2152 4099 2302 4144 suos
2345 4099 2567 4163 supra·

289 4175 496 4240 dictos
528 4196 741 4240 coram
784 4176 970 4242 nobis
1014 4178 1087 4242 in
1122 4178 1370 4263 judicio
1411 4179 1950 4263 comparentibuS,
1979 4186 2046 4243 et
2075 4178 2466 4243 sententiam
2494 4179 2568 4242 in

361 4337 382 4371 ¹
418 4337 531 4390 The
545 4341 904 4391 construction
919 4340 966 4392 is
981 4340 1301 4407 sufficiently
1315 4340 1551 4394 obscure.
1601 4342 1714 4393 The
1731 4341 1948 4409 reading
1960 4341 2007 4394 is
2028 4345 2061 4370 “
2075 4357 2131 4392 se
2147 4341 2334 4408 quavis
2350 4341 2437 4393 via
2449 4341 2487 4393 J
2491 4341 2568 4392 ur'

285 4419 483 4474 detect'
499 4421 584 4473 vel
599 4421 901 4474 declarst’.’'
949 4423 1061 4475 The
1076 4441 1125 4477 ss
1140 4440 1311 4475 seems
1327 4424 1656 4491 superfluous
1674 4444 1690 4487 ς
1711 4441 1785 4488 or,
1803 4425 1847 4476 if
1863 4429 1972 4486 not,
1995 4425 2145 4477 there
2160 4425 2205 4476 is
2219 4441 2287 4476 an
2304 4426 2566 4478 omission.

360 4501 384 4534 ⁸
417 4505 759 4568 consermnd',
787 4506 888 4558 but
922 4507 968 4559 it
1004 4508 1048 4559 is
1084 4507 1225 4559 clear
1258 4507 1382 4558 that
1405 4507 1497 4558 the
1523 4508 1668 4558 word
1696 4508 1896 4574 applies
1920 4512 1980 4559 to
2007 4512 2043 4537 “
2062 4508 2327 4560 Abbatem
2352 4514 2409 4560 et
2432 4510 2568 4561 Con-

293 4587 570 4638 ventum.”
2232 4589 2255 4623 ³
2289 4593 2424 4645 dicei.

1433 4690 1469 4735 R
