3285 5121
717 608 1258 660 CARTULARIUM
1296 610 1701 662 ABBATHIAE
1734 613 1830 664 DE
1865 614 2235 667 WHITEBY.
2499 608 2619 665 213

341 770 544 835 travis
603 790 978 836 carucarum
1030 773 1110 836 de
1160 774 1447 857 Wyteby
1490 775 1562 838 in
1619 774 1796 841 hunc
1853 778 2394 846 modum—videl.
2448 781 2623 863 quod

342 869 505 934 dicti
533 870 757 935 Abbas
788 877 854 935 et
883 892 1053 936 mon.
1099 872 1179 936 de
1208 872 1493 957 Wyteby
1524 893 1639 957 pro
1684 876 1886 940 travis
1917 877 1996 941 de
2040 878 2339 943 omnibus
2378 879 2623 943 carucis

342 969 497 1047 suis,
526 989 688 1052 quas
739 968 982 1034 habent
1009 969 1115 1035 vel
1162 970 1450 1035 habituri
1500 976 1674 1049 sunt,
1703 960 1957 1039 solvent
2003 976 2273 1060 singulis
2320 977 2509 1041 annis
2551 976 2624 1040 in

341 1068 622 1132 crastino
645 1068 706 1132 S.
725 1068 1003 1133 Andreae
1019 1068 1336 1153 Apostoli,
1346 1071 1522 1153 apud
1544 1070 1917 1136 Thornetun
1932 1074 2126 1156 juxta
2148 1075 2471 1160 Pikering,
2493 1074 2622 1140 duo

342 1166 611 1250 mil[l]ia
627 1166 846 1232 allecis
875 1168 1030 1232 boni
1047 1173 1113 1232 et
1134 1168 1441 1252 pacabilis
1464 1169 1534 1232 in
1555 1176 1941 1254 perpetuum
1970 1174 2291 1256 praedictis
2309 1174 2622 1259 Mag-Istro

340 1272 410 1331 et
437 1265 778 1330 fiatribus:
817 1266 911 1330 ita
939 1267 1113 1351 quod
1141 1267 1461 1331 immunes
1506 1275 1695 1334 erunt
1722 1272 2061 1335 memorati
2087 1273 2310 1337 Abbas
2340 1279 2407 1338 et
2434 1293 2623 1349 mon„

344 1386 459 1450 pro
511 1365 633 1430 hac
683 1366 1111 1443 concessione,
1162 1387 1201 1430 a
1258 1367 1671 1450 praestatione
1720 1373 2047 1434 travarum
2099 1371 2171 1434 in
2221 1378 2622 1456 perpetuum,

343 1465 543 1530 salvis
573 1465 765 1549 praed.
795 1465 1110 1550 Magistro
1153 1471 1221 1529 et
1263 1466 1569 1530 fratribus
1597 1466 1846 1552 integre
1889 1474 1956 1532 et
1998 1469 2282 1553 plenarie
2311 1470 2512 1536 travis
2541 1470 2622 1534 de

343 1564 590 1629 carucis
633 1564 972 1629 hominum
1015 1570 1083 1628 et
1125 1564 1491 1628 tenentium
1522 1563 1840 1628 dictorum
1881 1567 2155 1631 Abbatis
2201 1574 2268 1633 et
2312 1568 2508 1633 Conv.
2541 1567 2621 1631 de

343 1663 647 1747 Wyoeby.
735 1664 808 1728 Si
857 1668 1077 1727 autem
1127 1662 1461 1746 contingat
1488 1664 1664 1746 quod
1713 1663 1962 1747 aliquas
2003 1670 2202 1730 terras
2245 1666 2327 1730 ad
2371 1667 2622 1730 firmam

345 1763 650 1847 ceperint,
679 1763 784 1827 vel
829 1763 910 1827 de
939 1783 1106 1826 novo
1150 1761 1618 1846 adquisierint,¹
1649 1762 1729 1827 de
1759 1764 1994 1846 quibus
2036 1763 2303 1829 bladum
2356 1766 2415 1832 S.
2447 1765 2625 1829 Petri

346 1862 670 1945 percipere
700 1862 1153 1926 consueverint
1181 1859 1510 1944 saepedicti
1534 1861 1849 1945 Magister
1877 1868 1945 1927 et
1970 1862 2215 1941 fratres,
2245 1863 2323 1930 de
2352 1863 2624 1948 singulis

345 1961 593 2025 carucis
642 1966 843 2025 terras
901 1960 1048 2025 illas
1113 1959 1493 2037 colentibus,
1551 1959 1837 2044 singulas
1895 1964 2111 2027 travas
2176 1983 2424 2028 annuas
2481 1983 2623 2047 per-

348 2058 602 2124 solvent
650 2059 841 2144 praed.
869 2059 1090 2123 Abbas
1119 2066 1186 2123 et
1213 2057 1540 2135 Monachi,
1567 2059 1675 2123 vel
1714 2058 1873 2124 alias
1924 2060 2338 2128 satisfaciant.
2425 2060 2513 2125 Et
2541 2080 2625 2125 ne

348 2158 566 2242 aliquo
610 2179 760 2223 casu
804 2159 876 2223 in
919 2157 1041 2223 hac
1085 2157 1404 2222 solutione
1448 2177 1694 2222 cessare
1737 2164 2147 2243 praesumant,
2182 2159 2624 2244 jurisdictioni

347 2258 597 2322 Decani
615 2264 682 2323 et
706 2257 995 2341 Capituli
1012 2255 1508 2320 Eboracensium
1531 2276 1598 2321 se
1620 2257 2031 2340 subjecerunt
2052 2259 2381 2343 saepedicti
2400 2258 2623 2323 Abbas

345 2364 413 2420 et
459 2356 657 2424 Conv.
695 2357 775 2421 de
817 2355 1122 2440 Wyteby,
1164 2353 1598 2438 appellatione
1640 2363 1903 2433 remota,
1932 2364 2009 2421 ut
2047 2356 2129 2420 ad
2172 2356 2293 2421 hoc
2344 2356 2626 2439 compel-

343 2457 580 2523 lantur.
668 2458 751 2521 In
800 2456 998 2539 hujus
1041 2461 1261 2518 autem
1304 2455 1787 2538 compositionis
1830 2456 2025 2519 robur
2067 2461 2134 2519 et
2176 2456 2623 2519 testimonium

347 2556 670 2623 dictorum
696 2555 976 2621 Abbatis
1019 2560 1087 2619 et
1132 2553 1348 2631 Conv„
1377 2562 1443 2618 et
1487 2553 1785 2638 Magistri
1829 2562 1896 2618 et
1939 2555 2211 2617 fratrum
2241 2554 2624 2639 HospitaliS,

349 2677 601 2721 necnon
627 2656 878 2721 Decani
922 2661 988 2719 et
1018 2653 1305 2738 Capituli
1332 2653 1540 2730 Ebot„
1569 2672 1782 2716 coram
1827 2653 2062 2735 quibus
2106 2653 2242 2717 haec
2283 2657 2425 2717 acta
2455 2657 2626 2728 sunt,

345 2756 500 2821 huic
530 2755 766 2841 scripto
796 2754 1009 2839 sigilla
1037 2758 1192 2818 sunt
1221 2752 1528 2836 apposita.

608 2980 1030 3046 CCLXVIII.
1077 2980 1429 3043 Hnmucus
1460 2994 1707 3042 ramus
1737 2994 1823 3042 DE
1853 2977 2352 3042 hanani-mus

1323 3091 1443 3174 [M.
1483 3091 1652 3174 153]

436 3232 777 3308 Henricus,
798 3231 939 3294 Rex
961 3228 1233 3314 Angliae‚
1254 3228 1631 3312 Archiep'is,
1653 3227 1845 3311 Ep'is,
1865 3226 2243 3303 Comitibus,
2265 3224 2620 3289 Batonibus

345 3333 391 3398 J
398 3331 755 3407 usticiariiS‚
796 3328 1320 3405 vicecomitibus,
1364 3328 1691 3392 Ministris
1735 3334 1802 3391 et
1841 3347 2008 3392 omn.
2057 3324 2426 3409 Praepositis
2470 3325 2625 3401 suis,

346 3430 640 3496 salutem.
729 3427 961 3494 Sciatis
1012 3447 1116 3491 me
1167 3447 1341 3493 conc.
1386 3433 1453 3492 et
1503 3427 1669 3492 conf.
1713 3427 1854 3490 Deo
1898 3432 1966 3490 et
2007 3426 2179 3490 Eccl.
2225 3425 2285 3490 S.
2332 3426 2402 3491 P.
2448 3430 2516 3489 et
2561 3424 2621 3489 S.

347 3529 570 3593 Hildae
628 3528 708 3593 de
756 3527 1060 3611 Wyteby,
1111 3535 1179 3592 et
1234 3547 1401 3590 mon.
1461 3526 1545 3590 ib.
1603 3526 1748 3591 Deo
1800 3546 1980 3604 sent„
2038 3525 2306 3612 [o]mnes
2356 3526 2505 3590 t'ras
2558 3530 2624 3589 et

349 3627 650 3693 ecclesias
682 3632 746 3691 et
767 3626 1062 3703 decimas,
1085 3632 1152 3690 et
1180 3646 1400 3690 omnes
1429 3625 1860 3708 possessiones
1885 3646 2044 3708 quas
2074 3626 2214 3690 Rex
2237 3625 2625 3703 Willelmus,

348 3733 536 3812 pater
562 3744 762 3801 meus,
785 3729 851 3788 et
878 3725 1016 3789 Rex
1032 3724 1424 3802 WillelmuS‚
1441 3725 1636 3788 frater
1657 3744 1857 3800 meus,
1875 3724 2080 3789 eidem
2105 3724 2275 3790 Eccl.
2295 3724 2630 3802 dederunt,

346 3835 415 3893 et
432 3846 547 3910 per
563 3831 768 3889 cartas
790 3843 937 3889 suas
960 3825 1514 3899 confirmaverunt,
1537 3823 1608 3886 in
1628 3843 1803 3907 perp.
1827 3824 2258 3890 elemosinam.
2349 3825 2623 3907 Insuper

344 3934 565 3992 autem
609 3923 884 3990 concedo
927 3928 994 3989 et
1036 3923 1340 3988 confirmo
1382 3922 1573 4006 praed.
1617 3922 1790 3988 Eccl.
1835 3928 1902 3987 et
1950 3944 2119 3989 mon.
2165 3923 2454 4007 ejusdem
2494 3922 2624 3986 loci

344 4033 603 4112 portum
635 4024 846 4101 maris,
875 4022 1071 4088 simul
1109 4043 1257 4087 cum
1302 4021 1460 4106 alga,
1492 4027 1557 4086 et
1588 4043 1734 4086 cum
1781 4023 2078 4088 omnibus
2109 4043 2254 4107 quae
2297 4022 2625 4107 pertinent

345 4127 427 4190 ad
470 4131 729 4210 portum
769 4123 962 4187 maris
1006 4121 1180 4206 apud
1207 4121 1492 4205 Wytebi.
1577 4123 1667 4186 Et
1695 4121 1841 4185 volo
1887 4128 1953 4186 et
1994 4121 2295 4206 praecipio
2324 4127 2401 4183 ut
2428 4119 2622 4203 praed.

344 4224 656 4290 Monachi
698 4223 917 4288 omnia
965 4223 1091 4287 ista
1137 4221 1459 4306 praedicta,
1503 4226 1569 4285 et
1614 4220 1833 4284 omnia
1891 4220 2019 4285 alia
2068 4224 2438 4284 tenementa
2488 4240 2625 4297 sua,

343 4326 627 4390 habeant
670 4330 737 4389 et
778 4327 1064 4400 teneant,
1107 4324 1268 4387 bene
1328 4327 1394 4386 et
1449 4322 1520 4385 in
1579 4342 1753 4405 pace,
1802 4321 2005 4386 libere
2063 4325 2130 4386 et
2187 4321 2420 4404 quiete,
2474 4339 2623 4384 cum

344 4425 646 4492 omnibus
687 4423 1097 4489 libertatibus
1141 4428 1208 4487 et
1251 4421 1755 4505 quietationibus
1800 4441 1961 4505 quas
2000 4420 2199 4485 habet
2236 4418 2526 4485 Ecclesia
2562 4419 2626 4487 S.

1268 4558 1285 4591 ¹
1325 4561 1688 4626 adquisierant.
