3285 5121
721 569 841 626 258
1088 576 1630 631 CARTULARIUM
1670 576 2076 629 ABBATHIAE
2112 577 2211 628 DE
2245 576 2617 628 WHITEBY.

716 741 999 826 presenti
1022 761 1219 806 causa
1238 762 1386 806 cum
1414 745 1480 826 (9
1486 739 1578 824 3¹³)
1604 741 1919 805 instantia
1940 762 2056 824 per
2075 760 2193 806 nos
2224 740 2373 805 ferri
2396 741 2883 825 postulantibus
2902 766 3006 819 3-

717 843 873 919 Nos,
919 841 1472 925 Com[m]issarius
1518 840 1902 917 antedictus,
1944 840 2196 904 rimatis
2242 840 2449 924 ipsius
2499 860 2710 904 causae
2753 841 3009 905 meritis

717 948 786 1007 et
858 941 943 1005 ad
1013 940 1284 1023 plenum
1358 939 1687 1016 discussis,
1744 939 1826 1004 de
1900 939 2172 1003 consilio
2235 940 2756 1022 jurisperitorum
2817 940 3013 1003 nobis

716 1038 1180 1114 assistentium,
1223 1038 1523 1101 invocata
1582 1036 1865 1121 Spiritus
1926 1037 2147 1101 Sancti
2204 1037 2425 1121 gratia,
2470 1037 2553 1101 ad
2611 1037 3014 1102 sententiam

718 1138 1131 1202 diffinitivam
1160 1136 1231 1200 in
1262 1156 1453 1201 causa
1495 1136 1804 1219 praedicta
1846 1136 2250 1219 procedimus
2294 1136 2364 1199 in
2408 1134 2585 1201 hunc
2611 1136 2881 1200 modum
2901 1162 3015 1200 :—

720 1238 890 1314 Quia
908 1237 1273 1302 invenimus
1291 1235 1533 1299 dictam
1549 1241 1800 1318 partem
1818 1235 2121 1299 actricem
2138 1235 2565 1300 intentionem
2581 1256 2768 1300 suam
2790 1256 3013 1301 coram

717 1336 905 1401 nobis
946 1335 1018 1399 in
1055 1334 1301 1418 judicio
1347 1332 1706 1410 deductam,
1737 1340 1875 1397 tam
1917 1354 2032 1417 per
2073 1333 2541 1398 confessionem
2570 1334 2761 1398 dictae
2804 1335 3015 1418 partis

718 1456 860 1512 reae,
889 1455 1082 1518 quam
1113 1454 1228 1518 per
1255 1433 1383 1497 alia
1414 1432 1800 1499 documenta
1828 1432 2119 1517 legitima
2148 1453 2363 1497 coram
2391 1433 2580 1498 nobis
2612 1433 3021 1516 judicialiter

720 1533 1029 1610 exhibita,
1081 1531 1474 1597 sufficienter
1530 1530 1920 1614 probavisse,
1971 1531 2313 1613 praefatum
2365 1530 2586 1595 d'num
2638 1532 3020 1608 Robertum,

722 1632 1055 1698 Vicarium
1101 1631 1389 1697 ecclesiae
1436 1629 1518 1695 de
1559 1631 1800 1707 Semar,
1834 1638 2086 1714 partem
2128 1650 2301 1695 ream
2346 1630 2418 1694 in
2460 1632 2762 1714 praesenti
2807 1652 3023 1707 causa,

721 1733 793 1796 in
850 1752 1127 1816 persona
1181 1730 1611 1815 procuratoris
1670 1729 1775 1794 sui
1846 1729 2203 1813 supradicti
2259 1729 2344 1793 ad
2406 1729 2890 1814 agnoscendum
2952 1738 3019 1795 et

721 1830 1151 1907 subeundum,
1197 1830 1459 1895 nomine
1517 1829 1709 1893 dictae
1765 1828 2023 1893 vicariae
2082 1828 2485 1911 supradictae,
2537 1829 2756 1893 omnia
2815 1850 3011 1894 onera

719 1930 1038 1994 ordinaria
1081 1930 1273 1994 dictae
1315 1928 1600 1994 ecclesiae
1660 1936 1727 1993 et
1778 1928 1927 2010 jura
1969 1927 2358 2011 episcopalia
2399 1930 2480 1993 ab
2524 1929 2747 1994 eadem
2793 1929 3010 2012 quali·

718 2034 1070 2111 tercunque
1114 2027 1352 2102 debita,
1388 2033 1455 2092 et
1498 2027 1569 2089 in
1613 2026 1905 2090 futurum
1949 2026 2281 2110 exigenda,
2323 2035 2390 2092 et
2437 2028 2795 2111 praesertim
2841 2049 3009 2092 onus

718 2124 1059 2189 solutionis
1089 2125 1363 2189 subsidii
1392 2125 1471 2189 de
1502 2145 1630 2208 quo
1660 2126 1731 2188 in
1759 2125 2067 2208 praedicto
2095 2126 2318 2192 libello
2347 2134 2754 2205 memoratur,
2773 2134 3011 2211 utpote

709 2225 821 2307 jus
879 2222 1275 2288 ordinarium
1332 2229 1399 2288 et
1457 2223 1821 2307 episcopale
1878 2224 2166 2290 ecclesiae
2222 2227 2546 2310 praedictae
2601 2227 3010 2304 incumbens,

714 2323 930 2407 vigore
975 2324 1164 2388 dictae
1206 2323 1465 2388 vicariae
1515 2343 1652 2387 suae
1695 2330 1762 2387 et
1806 2324 2227 2391 ordinationis
2271 2327 2329 2409 ej
2339 2327 2581 2403 usdem,
2625 2347 2699 2391 ac
2744 2327 2829 2391 ad
2872 2348 3010 2392 ser-

718 2423 964 2489 vandos
1006 2424 1199 2508 praed.
1245 2423 1602 2508 Religiosos
1632 2424 1822 2501 viros,
1850 2424 2176 2489 Abbatem
2220 2434 2287 2490 et
2331 2426 2529 2491 Conv.
2561 2428 2642 2491 de
2670 2426 3013 2509 whiteby,

718 2525 1042 2591 immunes
1086 2545 1124 2590 a
1169 2524 1675 2609 supportatione,
1703 2525 2113 2608 praestatione
2156 2533 2224 2591 et
2265 2524 2586 2592 solutione
2630 2525 3015 2610 hujusmodi

718 2644 1005 2702 onerum,
1032 2631 1100 2689 et
1129 2624 1491 2689 subsidium
1535 2623 1879 2689 efficaciter
1905 2623 2241 2689 astrictum
2287 2631 2353 2691 et
2396 2626 2752 2711 obligatum
2785 2626 3012 2704 fuisse,

719 2732 787 2788 et
830 2744 969 2790 esse
1014 2723 1242 2789 debere
1286 2744 1368 2788 ex
1414 2744 1587 2788 nunc
1615 2723 1688 2787 in
1718 2724 2031 2801 futurum,
2057 2744 2134 2789 ac
2172 2725 2254 2788 ad
2303 2725 2708 2805 solutionem,
2737 2732 3011 2810 praesta-

719 2824 966 2887 tionem
1023 2822 1397 2906 hujusmodi
1456 2822 1732 2887 subsidii
1789 2823 2308 2907 compellendum
2365 2825 2501 2890 fore
2558 2832 2626 2891 et
2682 2825 3010 2910 compelli,

721 2921 1165 3005 dictorumque
1216 2943 1485 2987 onerum
1536 2931 1604 2988 et
1648 2922 1986 2987 solutionis
2037 2923 2315 2989 subsidii
2356 2925 2650 3008 praedicti
2701 2946 2887 3003 onus,
2929 2948 3011 2991 ac

722 3020 1271 3103 supportationem
1323 3026 1388 3085 et
1438 3021 1835 3104 agnitionem
1885 3021 1968 3085 ad
2019 3021 2299 3087 eundem
2353 3022 2574 3087 d'num
2631 3025 3013 3103 Robertum,

721 3118 1072 3196 Vicarium,
1102 3125 1170 3183 et
1214 3119 1519 3184 vicariam
1563 3121 1899 3204 pertinere,
1928 3126 1995 3185 et
2036 3122 2358 3205 pertinere
2392 3121 2636 3201 debere,
2669 3123 3013 3208 dictosque

726 3217 1082 3301 Religiosos
1127 3217 1209 3280 ab
1252 3218 1493 3281 eisdem
1530 3219 1832 3283 oneribus
1876 3224 1943 3282 et
1986 3219 2261 3285 subsidii
2301 3220 2620 3286 solutione
2662 3222 2902 3288 liberos
2944 3233 3018 3289 et

724 3315 1047 3380 immunes
1092 3335 1248 3392 esse,
1290 3316 1802 3399 pronuntiamus,
1846 3317 2251 3384 decernimus
2309 3327 2376 3388 et
2420 3320 2816 3386 declaramus
2861 3343 3013 3387 sen-

723 3411 1078 3476 tentialiter
1136 3419 1203 3477 et
1260 3413 1606 3479 diffinitive
1678 3415 1749 3478 in
1822 3415 1950 3480 hiis
2025 3418 2299 3502 scriptis,
2356 3419 3011 3504 condempnationem

725 3529 1153 3592 expensarum
1228 3531 1310 3575 ex
1383 3512 1593 3577 causis
1668 3513 1979 3597 legitimis
2051 3517 2440 3584 omittentes.
2573 3519 2654 3582 In
2727 3540 3009 3603 quorum

724 3607 1015 3673 omnium
1045 3609 1488 3675 testimonium
1517 3612 1728 3695 abque
1756 3612 1951 3678 fidem
1980 3615 2093 3699 sig.
2125 3616 2318 3681 officii
2346 3618 2550 3682 nostri
2578 3621 3009 3702 praesentibus

724 3707 1157 3791 apposuimus.
1245 3710 1496 3774 Datum
1540 3711 1811 3778 Eboraci
1857 3714 2070 3796 quoad
2113 3716 2546 3800 signationem
2585 3722 3009 3803 praesentium

726 3814 910 3872 sexto
940 3805 1045 3872 die
1078 3808 1314 3872 mensis
1344 3808 1743 3889 Decembris,
1772 3813 1851 3877 A.
1884 3812 1963 3877 D.
1995 3815 2386 3898 supradicte.

728 3982 1015 4049 CCCXI.
1061 3983 1467 4048 Exrmmun'r
1526 4000 1741 4049 CARTA
1798 3986 2266 4052 Er1scoroRUM
2326 4006 2406 4054 nr
2447 3991 3010 4077 Ancmn1[a]con-

901 4099 1087 4147 olum
1146 4084 1684 4149 EsonAcssswn.
1821 4086 2170 4151 Inclrmm·
2228 4105 2461 4153 CARTAE
2518 4107 2606 4154 nr.
2665 4092 3009 4158 Cnosssm*

900 4182 1431 4246 RAvnNswAan.

815 4306 1153 4371 Universis
1201 4307 1261 4371 S.
1309 4306 1400 4370 M.
1446 4306 1754 4371 Ecclesiae
1804 4308 1973 4384 filiis,
2017 4329 2078 4392 p.
2123 4309 2371 4375 litteras
2418 4313 2550 4393 (94)
2603 4312 3006 4398 inspecturis,

724 4404 771 4468 J
775 4404 1102 4481 ohannes}
1133 4426 1192 4488 p.
1225 4406 1283 4470 d.
1316 4412 1381 4470 et
1409 4406 1803 4490 Apostolieoe
1836 4407 2019 4472 Sedis
2056 4410 2276 4492 gratia,
2308 4410 2504 4494 Ep'us
2537 4412 3008 4490 KarliolensiS,²

799 4513 813 4546 ¹
851 4515 994 4565 John
1022 4516 1078 4565 of
1102 4515 1250 4577 Rosa,
1279 4517 1454 4568 Canon
1484 4518 1541 4568 of
1566 4517 1843 4581 Hereford,
1878 4521 2118 4573 1325-32.
2616 4522 2638 4556 ²
2676 4523 2926 4577 Karlion’.
