3285 5121
662 639 781 696 148
1014 650 1556 701 CARTULARIUM
1594 651 1999 702 ABBATHIAE
2036 651 2134 701 DE
2168 648 2539 700 WHITEBY.

655 814 715 876 S.
764 815 833 878 P.
878 820 943 877 et
987 814 1048 877 S.
1097 814 1334 898 Hyldae
1380 815 1461 879 de
1506 814 1810 899 Wyteby,
1854 819 1921 879 et
1964 814 2206 878 Abbati
2252 820 2317 876 et
2367 834 2536 877 mon.
2581 811 2736 875 ibid.
2784 811 2927 873 Deo

653 934 828 988 serv„
891 915 1316 997 omnibusque
1374 914 1748 979 hominibus
1808 914 2016 978 eidem
2074 913 2379 978 Ecclesiae
2437 910 2929 995 pertinentibuS,

652 1032 874 1075 omnes
918 1013 1249 1078 libertates
1293 1020 1360 1078 et
1404 1020 1690 1078 consuet.
1722 1033 1884 1096 quas
1928 1013 2125 1077 habet
2168 1012 2457 1077 Ecclesia
2501 1012 2560 1074 S.
2607 1012 2652 1076 J
2657 1010 2929 1073 ohannis

652 1112 733 1176 de
787 1111 1129 1176 Beverlaco
1178 1122 1244 1178 et
1291 1114 1349 1177 S.
1398 1113 1690 1176 Wilfridi
1740 1114 1821 1177 de
1863 1114 2099 1197 Ripun,
2143 1114 2214 1175 in
2260 1112 2396 1176 t’ris
2449 1117 2514 1175 et
2557 1110 2927 1173 hominibus

652 1210 802 1274 suis
895 1210 1191 1275 Concedo
1222 1212 1418 1276 etiam
1464 1212 1556 1276 eis
1601 1212 1674 1275 in
1722 1211 1943 1276 eadem
1972 1211 2132 1275 villa
2175 1211 2572 1294 burgagium,
2608 1216 2675 1273 et
2705 1208 2929 1272 feriam

653 1309 735 1373 ad
779 1310 1016 1374 festum
1062 1311 1121 1375 S.
1172 1311 1428 1394 Hyldae,
1472 1332 1621 1377 cum
1668 1310 1901 1387 socha,¹
1935 1317 2000 1375 et
2043 1310 2213 1385 sach,
2256 1316 2323 1374 et
2374 1309 2467 1373 tol
2512 1313 2578 1373 et
2620 1306 2820 1383 them,
2863 1312 2929 1371 et

649 1408 1177 1493 infangentheof?
1199 1415 1265 1475 et
1294 1431 1515 1475 omnes
1538 1412 1873 1475 venientes
1897 1411 1978 1474 ad
2008 1410 2361 1494 predictam
2391 1409 2617 1474 feriam
2647 1407 2929 1471 habeant

655 1528 861 1571 meam
914 1510 1165 1572 firmam
1215 1530 1459 1593 pacem,
1505 1530 1654 1574 cum
1701 1510 2000 1574 omnibus
2047 1509 2237 1574 rebus
2288 1509 2441 1585 suiS,
2493 1507 2813 1571 veniendo
2863 1512 2930 1569 et

652 1607 990 1672 redeundo.
1083 1608 1378 1674 Concedo
1423 1610 1620 1674 etiam
1667 1609 1760 1673 eis
1791 1609 2057 1673 Portum
2087 1606 2300 1685 maris,
2329 1628 2478 1671 cum
2514 1605 2606 1671 tol
2636 1613 2703 1670 et
2732 1605 2927 1681 them,

650 1711 716 1769 et
760 1726 907 1770 cum
959 1708 1367 1772 libertatibus
1412 1716 1478 1773 et
1518 1708 2095 1773 consuetudinibus
2140 1707 2222 1771 ad
2262 1711 2519 1790 portum
2565 1705 2758 1768 maris
2787 1724 2929 1787 per-

651 1806 1028 1871 tinentibus
1115 1807 1203 1870 Et
1253 1815 1559 1889 praeterea
1617 1807 1896 1871 concedo
1948 1807 2040 1871 eis
2092 1807 2163 1870 in
2216 1804 2545 1870 Eboracho
2596 1804 2926 1869 ecclesiam

652 1923 821 1968 omn.
854 1903 1234 1968 Sanctorum
1278 1905 1357 1968 de
1402 1902 1855 1988 Fischergate‚⁸
1883 1910 1949 1968 et
1978 1925 2199 1968 omnes
2243 1905 2391 1967 t'ras
2428 1910 2493 1967 et
2523 1903 2814 1966 homines
2858 1901 2926 1964 in

653 2002 875 2065 eadem
920 2004 1186 2067 civitate
1238 2003 1548 2067 Ecclesiae
1589 2003 1650 2067 S.
1699 2003 1768 2066 P.
1824 2009 1891 2066 et
1936 2003 1996 2067 S.
2040 2002 2279 2085 Hyldae
2323 2002 2403 2066 de
2449 2002 2736 2084 wyteby
2785 2020 2926 2084 per-

651 2102 949 2176 tinentes,
995 2123 1144 2166 cum
1188 2122 1336 2165 soca
1382 2101 1548 2185 (47b)
1597 2108 1665 2165 et
1708 2101 1917 2177 sacha,
1946 2107 2012 2165 et
2046 2102 2138 2165 tol
2182 2107 2248 2165 et
2277 2101 2455 2165 them
2499 2107 2565 2165 et
2593 2100 2930 2183 infangen-

651 2199 846 2275 theof,
893 2206 959 2264 et
1009 2221 1158 2263 cum
1218 2221 1386 2264 omn.
1440 2201 1650 2265 libert.
1712 2207 1779 2265 et
1831 2207 2114 2264 consuet.
2168 2221 2329 2283 quas
2390 2200 2629 2263 habent
2679 2200 2813 2263 t'rae
2863 2204 2929 2262 et

653 2297 944 2362 homines
977 2300 1037 2363 S.
1070 2299 1248 2363 Petri
1278 2308 1344 2363 et
1375 2300 1435 2364 S.
1468 2300 1767 2363 Cutberti
1797 2298 1868 2362 in
1913 2299 2135 2363 eadem
2180 2300 2442 2363 civitate
2487 2298 2927 2362 consistentes.

652 2396 961 2479 Praecipio
1005 2398 1200 2462 etiam
1218 2398 1243 2435 ⁴
1274 2405 1348 2461 ut
1385 2399 1665 2462 habeant
1708 2405 1775 2463 et
1816 2398 2188 2482 possideant
2226 2398 2296 2461 in
2339 2398 2701 2462 dominium
2739 2419 2929 2462 suum

651 2516 874 2559 omnes
922 2497 1206 2575 forestas,
1235 2506 1549 2581 pasturas,
1579 2498 1766 2563 terris
1810 2498 2110 2563 Abbatiae
2152 2498 2566 2582 pertinentes,
2595 2496 2691 2560 ita
2732 2496 2930 2562 libere

650 2605 717 2659 et
747 2597 964 2678 quiete
995 2605 1071 2661 ut
1100 2597 1320 2661 nullus
1351 2599 1432 2662 de
1463 2598 1779 2663 ministris
1823 2599 1984 2661 meis
2030 2598 2420 2662 intromittat
2450 2618 2517 2662 se
2548 2597 2627 2661 de
2658 2596 2930 2660 nemori-

651 2696 770 2758 bus
800 2702 865 2759 et
893 2697 1175 2778 pasturis
1206 2696 1510 2761 Ecclesiae
1542 2697 1603 2761 S.
1635 2698 1705 2763 P.
1740 2705 1804 2762 et
1838 2699 1897 2761 S.
1934 2697 2172 2779 Hyldae
2196 2699 2275 2762 de
2298 2697 2583 2778 wyteby
2604 2697 2931 2779 pertinen-

650 2794 842 2858 tibus.
933 2796 1258 2859 Confirmo
1307 2797 1504 2860 etiam
1556 2797 1650 2861 eis
1696 2797 1857 2861 duas
1902 2806 2263 2861 carrucatas
2306 2799 2440 2860 t’rae
2485 2797 2555 2858 in
2605 2795 2930 2871 Hakanes,

651 2900 717 2957 et
769 2902 1046 2977 quatuor
1096 2896 1164 2958 in
1218 2895 1283 2957 N
1286 2896 1552 2973 ordfeld,
1604 2904 1673 2961 et
1724 2897 1884 2960 duas
1936 2898 2007 2960 in
2063 2894 2478 2972 Brinistona?
2529 2896 2669 2959 sine
2727 2894 2929 2979 geldo.

654 2993 864 3070 Quare
894 2993 1040 3057 volo
1078 3002 1144 3058 et
1183 2996 1485 3080 praecipio
1531 3002 1605 3059 ut
1634 2997 1800 3060 bene
1831 3002 1896 3059 et
1941 2997 2008 3058 in
2059 3017 2232 3079 pace,
2263 3002 2328 3059 et
2357 2994 2554 3059 libere
2584 3001 2650 3057 et
2678 2993 2930 3057 honori-

652 3092 768 3156 fice
812 3098 878 3156 et
908 3093 1126 3175 quiete
1157 3100 1422 3157 teneant
1468 3095 1771 3158 ecclesias
1816 3100 1882 3158 et
1912 3095 2061 3158 t’ras
2101 3115 2268 3170 suaS,
2297 3095 2368 3157 in
2399 3095 2589 3158 bosco
2633 3100 2700 3157 et
2739 3092 2932 3175 plano

652 3197 718 3254 et
767 3192 971 3272 pratis
1031 3199 1098 3255 et
1148 3192 1428 3273 pasturis
1480 3198 1545 3255 et
1597 3193 1784 3275 aquis
1843 3199 1909 3256 et
1959 3192 2347 3256 molendinis
2407 3199 2473 3255 et
2521 3193 2809 3256 mariscis
2869 3196 2934 3255 et

650 3289 914 3352 vivariis
967 3295 1034 3352 et
1085 3290 1374 3373 piscariis
1429 3298 1495 3353 et
1547 3291 1792 3373 stagnis
1840 3296 1906 3354 et
1961 3289 2258 3365 exclusis,
2309 3290 2481 3352 infra
2533 3291 2816 3372 Bur-gam
2868 3297 2934 3353 et

652 3395 851 3462 extra,
902 3388 971 3450 in
1025 3389 1197 3464 foris,
1245 3389 1315 3450 in
1368 3389 1560 3464 feriis,
1611 3390 1686 3451 in
1736 3389 2002 3452 civitate
2054 3395 2120 3451 et
2178 3395 2377 3462 extra,
2436 3388 2502 3449 in
2559 3388 2811 3450 forestis
2866 3395 2933 3451 et

654 3483 898 3560 divisis,
929 3485 999 3547 in
1031 3486 1279 3549 semitis
1311 3491 1377 3549 et
1407 3487 1476 3548 in
1506 3487 1652 3562 viis,
1681 3494 1748 3550 et
1776 3487 1846 3548 in
1877 3506 2043 3549 omn.
2076 3485 2233 3548 locis
2264 3490 2329 3547 et
2358 3484 2567 3561 rebus,
2596 3504 2741 3548 cum
2762 3504 2930 3549 omn.

650 3582 1058 3648 libertatibus
1110 3592 1175 3647 et
1220 3584 1752 3662 civitationibus,⁶
1795 3606 1943 3649 cum
1995 3585 2233 3668 quibus
2285 3582 2517 3647 melius
2562 3590 2629 3648 et
2666 3584 2932 3648 liberius

649 3690 999 3746 tenuerunt
1028 3692 1313 3766 tempore
1358 3684 1628 3747 Henrici
1659 3685 1852 3768 Regis
1897 3684 2004 3748 avi
2034 3684 2179 3758 mei,
2209 3691 2275 3746 et
2304 3683 2473 3747 sicut
2503 3683 2719 3748 carta⁷
2766 3684 2932 3767 ejus-

651 3781 798 3843 dem
845 3781 1034 3865 Regis
1080 3789 1368 3846 testatur.
1460 3782 2094 3867 Teste—Reginaldo
2128 3781 2381 3847 Comite
2419 3782 2498 3846 (le
2516 3780 2543 3821 ⁸
2574 3783 2933 3849 Cornubia:

721 3928 740 3961 ¹
779 3928 860 3982 M.
891 3929 1036 3984 soka.
1355 3929 1377 3963 ²
1412 3932 1834 3998 irqfranyevttlwos
1848 3950 1871 3994 ;
1909 3932 1984 3984 M.
2018 3932 2431 4000 infangentheof,
2462 3932 2906 4001 infangenetheof.

721 4009 745 4045 ³
780 4011 853 4062 M.
884 4012 1232 4080 Fisheregate.
1357 4012 1379 4046 ⁴
1420 4014 1492 4067 M.
1523 4020 1779 4081 praeterea
1803 4014 1886 4066 for
1912 4019 1944 4042 “
1961 4013 2258 4082 praecipio,”
2282 4015 2389 4066 and
2412 4015 2573 4066 omits
2598 4020 2633 4044 ‘'
2650 4011 2862 4067 etiam.’'

720 4092 744 4127 ⁶
779 4095 853 4146 M.
882 4096 1262 4163 Brungestona.

724 4174 749 4210 θ
783 4179 1167 4231 cufim-ionibus
1189 4180 1245 4230 in
1273 4179 1339 4244 A,
1364 4181 1746 4232 ciuitaeionibue
1768 4181 1826 4231 in
1850 4181 1909 4231 M
1934 4199 1947 4242 3
1982 4181 2371 4245 quietationibus
2394 4180 2448 4230 in
2474 4179 2575 4231 No.
2604 4182 2717 4236 187.

721 4259 743 4294 ⁷
780 4270 930 4314 certa.

722 4342 744 4376 ⁸
783 4344 858 4397 Μ.
885 4345 1044 4396 omits
1071 4346 1312 4397 “comite
1337 4345 1457 4397 de.''
1531 4346 1793 4413 Reginald
1820 4345 1948 4397 Eat-l
1973 4345 2030 4396 of
2063 4345 2342 4407 ComwalL
2370 4354 2469 4396 one
2505 4345 2561 4396 of
2594 4347 2690 4397 the
2725 4345 2934 4413 illegiti-

649 4430 793 4477 mate
829 4443 952 4477 sons
983 4427 1039 4479 of
1074 4428 1260 4494 Henry
1285 4443 1345 4491 1.‚
1372 4428 1659 4480 sui-named
1694 4429 1761 4479 de
1799 4428 2191 4481 Dnnstanville.
2266 4429 2352 4479 He
2388 4429 2433 4479 is
2471 4428 2683 4480 further
2716 4429 2830 4480 said
2856 4429 2930 4495 by

652 4508 892 4575 Dugdale
919 4511 1132 4572 (Baron.
1161 4512 1193 4561 i.
1228 4513 1352 4575 610)
1379 4516 1437 4563 to
1462 4512 1598 4563 have
1621 4512 1729 4563 had
1753 4511 1848 4563 the
1871 4511 2116 4577 lordship
2132 4511 2190 4562 of
2215 4511 2540 4573 Meleburne‚
2566 4511 2623 4561 in
2648 4511 2929 4574 Somerset,

648 4591 805 4657 given
830 4591 941 4642 him
966 4591 1038 4658 by
1066 4594 1251 4659 Henry
1279 4608 1359 4654 η,
1385 4594 1520 4646 with
1546 4595 1640 4646 the
1667 4610 1877 4646 mauors
1903 4595 1959 4644 of
1998 4594 2258 4644 Karswell
2295 4594 2401 4644 and
2426 4594 2712 4659 Depeford,
2739 4595 2845 4646 and
2872 4611 2928 4645 as
