3285 5121
633 497 758 558 330
997 505 1541 560 GAETULARIUM
1578 503 1983 556 ABBATHIAE
2020 502 2119 554 DE
2153 501 2524 554 WHITEBY.

629 673 890 737 nomine
934 671 1251 735 Robertus
1294 669 1376 734 de
1405 668 1665 745 Alnet0‚
1693 667 2006 752 Magister
2050 667 2211 731 dieti
2255 664 2611 749 hospitalia,
2645 664 2842 749 petiit
2868 684 2914 726 a

631 773 896 855 praefato
924 771 1255 836 Willelmo
1283 771 1541 835 Abbate
1569 769 1730 834 duas
1748 770 2015 833 bovatas
2045 769 2179 832 t’rae
2207 769 2280 831 in
2309 768 2728 843 Honentuna,
2757 785 2916 830 eum

631 894 764 937 uno
795 874 958 937 tofto
987 892 1147 957 quas
1178 869 1483 935 Gundrea
1513 869 1786 946 Mwbra‚
1814 874 2042 952 postea
2082 888 2247 932 uxor
2276 865 2522 950 Nigeui
2550 866 2631 929 de
2659 864 2919 941 Albini,

636 971 816 1037 dedit
846 973 905 1037 S.
939 972 1131 1037 Petro
1155 977 1224 1036 et
1254 970 1315 1036 S.
1342 969 1582 1053 Hyldae
1611 970 1693 1033 de
1718 969 2008 1053 Whitby,
2030 976 2099 1033 et
2127 988 2293 1032 mon.
2319 968 2462 1032 Deo
2482 966 2576 1031 ibi
2598 966 2919 1031 serventi-

638 1072 777 1149 bus,
806 1071 877 1135 in
906 1071 1087 1136 elem.
1120 1091 1317 1155 perp„
1338 1090 1467 1154 pro
1485 1090 1540 1134 a.
1571 1069 1699 1133 viri
1729 1069 1851 1144 sui,
1879 1074 1945 1133 et
1973 1089 2088 1152 pro
2120 1069 2367 1152 Rogero
2397 1066 2748 1151 Mowbray,
2777 1066 2921 1130 filio

639 1193 877 1249 eorum,
920 1177 987 1236 et
1036 1192 1152 1255 pro
1197 1192 1265 1235 se
1308 1171 1490 1254 ipsa:
1550 1168 1767 1253 qua[s]
1817 1168 1977 1232 duas
2030 1168 2296 1232 bovatas
2340 1167 2490 1243 t’rae,
2535 1186 2684 1229 oum
2728 1165 2918 1243 tofto,

639 1290 814 1334 nune
843 1291 956 1353 pro
985 1277 1270 1353 tempore
1295 1268 1602 1332 Monaohi
1632 1267 1961 1332 Riewallis
1982 1271 2210 1331 tenent
2239 1266 2320 1330 de
2339 1265 2598 1329 Abbate
2621 1272 2686 1329 et
2709 1265 2917 1329 Conv.

641 1371 722 1435 de
766 1370 1058 1453 Whitby,
1106 1375 1172 1433 et
1216 1373 1567 1433 tenuerunt
1611 1388 1651 1431 a
1700 1369 1988 1451 tempore
2037 1367 2226 1430 bonae
2266 1365 2591 1429 memoriae
2632 1364 2918 1441 Aelredi,

639 1470 917 1535 Abbatis
962 1467 1328 1548 Riewallis3
1370 1468 1483 1552 qui
1514 1468 1716 1532 etiam
1742 1467 1965 1532 Abbas
1993 1465 2311 1532 Aelredus
2356 1464 2671 1529 concessit
2697 1463 2922 1528 fratri-

642 1570 762 1632 bus
808 1568 967 1633 dieti
1011 1566 1346 1652 hospitalis
1390 1566 1564 1650 quod
1606 1565 1946 1630 annuatim
1989 1562 2406 1648 recipere[nt]
2454 1568 2672 1627 vetera
2713 1563 2920 1627 vesti-

643 1673 864 1733 menta
884 1667 1276 1732 confratrum
1298 1686 1577 1742 suorum,
1600 1671 1666 1730 et
1689 1665 1862 1750 quod
1892 1666 1963 1728 in
1985 1665 2153 1729 festo
2184 1664 2245 1727 S.
2271 1662 2548 1727 Martini
2576 1662 2919 1726 annuatim

646 1769 1071 1832 mitterentur.
1161 1767 1248 1829 Et
1298 1765 1451 1849 quia
1502 1765 1727 1830 Abbas
1774 1771 1841 1829 et
1893 1765 2093 1830 Conv.
2148 1762 2530 1827 Monasterii
2589 1761 2921 1826 Riewallis

647 1872 829 1933 erant
873 1865 1120 1930 domini
1170 1870 1239 1929 et
1287 1884 1683 1948 possessores
1733 1863 2015 1947 praefatae
2058 1862 2236 1927 villae
2278 1862 2360 1926 de
2411 1862 2734 1939 Honeton,
2772 1861 2923 1926 ideo

646 1966 957 2048 optabant
999 1969 1216 2028 tenere
1260 1963 1340 2026 de
1367 1963 1627 2027 Abbate
1657 1970 1726 2028 et
1769 1963 1968 2028 Conv.
2016 1962 2096 2027 (16
2124 1960 2402 2044 Whitby
2430 1961 2727 2044 praefatas
2772 1959 2922 2024 illas

648 2065 808 2127 duas
836 2064 1102 2127 bovatas
1132 2063 1283 2137 t’ree,
1312 2082 1461 2125 eum
1490 2062 1673 2138 tofto,
1704 2082 1816 2145 pro
1839 2081 1955 2126 sex
1985 2060 2206 2126 solidis
2228 2060 2566 2124 annuatim
2593 2060 2921 2125 solvendis

648 2160 1041 2226 Monasterio
1060 2161 1141 2224 de
1163 2159 1454 2244 Whitby.
1519 2160 1792 2237 Deinde,
1810 2181 1890 2225 ex
1912 2159 2177 2243 speciali
2201 2168 2269 2224 et
2291 2159 2611 2243 spirituali
2633 2159 2923 2223 amicitia

646 2263 818 2326 inter
844 2260 1230 2343 professores
1261 2258 1645 2322 Monasterii
1668 2260 1747 2323 de
1772 2259 2046 2343 Whitby
2069 2265 2136 2322 et
2165 2258 2546 2323 Monasterii
2576 2258 2924 2336 Riewallis‚

648 2360 867 2424 Abbas
917 2357 1301 2422 Monasterii
1353 2364 1420 2422 et
1464 2360 1663 2423 Conv.
1710 2358 1790 2422 de
1834 2358 2110 2443 Whitby
2151 2357 2526 2423 locaverunt
2569 2358 2813 2422 Abbati
2857 2365 2924 2422 et

652 2461 850 2526 Conv.
895 2457 1220 2522 Riewallis
1264 2456 1547 2521 diversas
1578 2458 1728 2522 t'ras
1772 2458 1846 2521 in
1873 2457 2033 2522 villa
2072 2457 2151 2521 de
2197 2457 2460 2533 Catona,
2488 2457 2796 2522 tenendas
2843 2458 2924 2522 de

651 2559 891 2625 eisdem
922 2557 991 2622 in
1009 2554 1033 2594 ¹
1065 2557 1252 2621 feodo
1282 2564 1348 2621 et
1377 2556 1562 2622 firma
1604 2564 1917 2641 perpetua
1946 2577 2060 2640 pro
2100 2556 2521 2621 tribusdeeim
2539 2554 2564 2594 ²
2607 2555 2738 2635 sol„
2768 2564 2833 2621 et
2879 2580 2923 2621 x

653 2661 795 2725 den.
842 2657 1178 2723 annuatim
1222 2656 1566 2734 solvendis,
1610 2678 1725 2739 pro
1786 2657 2023 2740 quibus
2066 2656 2253 2720 terris
2304 2656 2526 2720 Abbas
2578 2657 2926 2736 Riewalljs,

650 2758 927 2843 quilibet
970 2776 1085 2840 pro
1130 2762 1416 2838 tempore
1459 2775 1593 2833 suo,
1623 2760 1881 2819 tenetur
1909 2756 2116 2819 faeere
2145 2754 2526 2819 fidelitatem
2555 2755 2800 2820 Abbati
2845 2758 2927 2823 de

654 2857 947 2940 Whitby‚
977 2862 1044 2919 et
1084 2854 1318 2937 quibus
1364 2854 1560 2917 etiam
1598 2855 1785 2918 terris
1815 2854 2220 2918 vexabantur
2260 2855 2513 2919 Fratres
2543 2855 2928 2921 Monasterii

653 2955 980 3020 Riewallis
1012 2952 1342 3017 Willelmo
1372 2953 1437 3016 N
1441 2952 1686 3028 esfelld,
1717 2954 2035 3019 existente
2064 2954 2407 3030 eschetore‚
2437 2960 2503 3019 et
2532 2955 2930 3022 Monasterio

656 3054 983 3120 Riewallis
1015 3058 1283 3117 vacante
1310 3073 1427 3135 per
1469 3058 1741 3117 mortem
1771 3059 1929 3117 tune
1957 3053 2255 3130 Abbatis,
2282 3073 2397 3137 per
2437 3053 2928 3138 inquisitionem

655 3153 1084 3237 improvidam
1129 3152 1207 3216 de
1258 3150 1582 3235 praedictis
1611 3152 1800 3217 terris
1851 3153 2105 3217 Fratres
2156 3152 2614 3218 Riewallenses
2669 3154 2933 3220 fuerunt

654 3252 893 3318 deserti
938 3257 1004 3316 et
1031 3251 1354 3335 praedictae
1383 3252 1516 3315 t'rae
1560 3252 1919 3316 confiscatae
1960 3252 2031 3315 in
2060 3252 2383 3336 manu[m]
2415 3252 2570 3316 D’ni
2613 3254 2826 3338 Regis„
2855 3262 2934 3319 ut

657 3358 838 3437 patet
854 3352 925 3415 in
947 3350 1175 3415 rotulis
1201 3350 1561 3415 Sohaocarii
1584 3350 1740 3414 D’ni
1761 3351 1952 3435 Regis
1978 3351 2161 3435 [ubi,³
2181 3352 2353 3417 inter
2372 3351 2500 3416 alia
2517 3353 2935 3420 continentur

656 3451 827 3536 quod
859 3449 1123 3533 quidem
1166 3469 1281 3532 per
1309 3450 1795 3532 inquisitionem
1826 3451 1906 3515 de
1951 3451 2254 3515 mandato
2285 3451 2477 3535 Regis
2521 3455 2933 3535 postmodum

657 3557 931 3633 captam,
962 3553 1028 3611 et
1067 3547 1138 3610 in
1184 3548 1583 3612 Canoellaria
1626 3549 1784 3613 D’ni
1813 3550 2065 3634 Regis]⁴
2091 3550 2475 3628 rotolatam,⁵
2504 3557 2603 3615 est
2646 3572 2932 3637 comper-

657 3658 799 3714 tum
831 3647 1003 3731 quod
1034 3647 1165 3709 t'rae
1190 3652 1254 3708 et
1284 3647 1589 3710 tenem’ta
1610 3648 1802 3730 praed.
1834 3655 2138 3714 tenentur
2166 3651 2246 3714 de
2275 3650 2531 3715 Abbate
2554 3651 2634 3715 de
2655 3652 2934 3739 Whitby

657 3769 773 3833 per
801 3746 1136 3811 servitium
1166 3744 1288 3807 xiii
1316 3744 1497 3808 solid.
1531 3751 1598 3808 et
1627 3767 1669 3808 x
1703 3746 1847 3812 den.
1876 3768 1994 3831 per
2035 3769 2298 3825 annum,
2327 3755 2393 3813 et
2422 3769 2461 3812 a
2489 3755 2774 3834 tempore
2805 3773 2934 3836 quo

660 3870 792 3913 non
822 3853 1003 3911 extat
1033 3844 1338 3910 memoria
1380 3843 1840 3929 teneba[n]tur,
1870 3854 1938 3911 et
1966 3868 2096 3912 non
2127 3848 2209 3913 de
2251 3848 2456 3913 feodis
2487 3869 2632 3932 quae
2670 3851 2936 3917 fuerunt

663 3948 935 4015 Comitis
956 3944 1388 4022 Albemarliae,
1410 3950 1476 4008 et
1504 3965 1620 4027 per
1650 3946 1821 4028 quod
1854 3946 2046 4012 breve
2065 3948 2209 4012 Rex
2237 3948 2573 4013 mandavit
2589 3949 2936 4016 baronibus

663 4048 835 4131 quod
879 4047 1095 4130 ipsum
1123 4045 1443 4110 Abbatem
1473 4046 1553 4110 de
1598 4046 1906 4111 Riewalle
1937 4047 2017 4113 de
2053 4048 2336 4112 exitibus
2368 4049 2634 4113 t'rarum
2662 4055 2731 4113 et
2758 4057 2936 4116 tene·

663 4153 1026 4211 mentorum
1085 4144 1433 4233 eorundem
1492 4165 1531 4208 a
1588 4150 1874 4228 tempore
1933 4146 2250 4229 captionis
2308 4147 2674 4225 eorundem,
2731 4154 2800 4213 et
2857 4150 2938 4216 de

735 4281 754 4316 ¹
791 4298 918 4333 cunt.
1689 4279 1712 4314 ²
1747 4282 2021 4334 tresdecim.
2524 4281 2547 4317 ⁸
2579 4284 2696 4337 eibi

734 4363 756 4397 ⁴
793 4365 905 4415 The
929 4369 1176 4416 sentence
1200 4364 1443 4416 between
1467 4365 1561 4417 the
1586 4365 1836 4417 brackets
1861 4367 1907 4417 is
1931 4366 2159 4420 omitted
2195 4367 2252 4419 in
2275 4367 2370 4420 the
2393 4383 2528 4435 copy
2552 4367 2659 4419 and
2692 4369 2937 4436 supplied

662 4452 722 4497 at
746 4446 839 4497 the
862 4446 977 4498 {oot
1001 4448 1058 4498 of
1079 4446 1173 4498 the
1196 4447 1338 4499 folio.
2518 4449 2543 4485 ὅ
2578 4451 2868 4503 νοωὶαᾱινη.
