3285 5121
695 600 1243 653 CARTULARIUM
1281 600 1692 653 ABBATHIAE
1727 600 1826 653 DE
1854 601 2225 652 WHITEBY.
2475 590 2593 649 251

314 764 759 847 suscipiuntur
801 764 872 827 in
916 765 1288 847 amplexum
1330 784 1458 849 quo
1503 785 1619 849 per
1662 765 1837 848 ipsas
1881 766 2297 830 conscientiae
2339 766 2606 850 puritas,

312 864 619 941 caritatis,
662 864 1148 941 uniformitatis,
1192 885 1266 928 ac
1311 864 1549 929 mentis
1596 863 1860 929 libertas
1905 864 2027 928 sub
2071 865 2316 929 umbris
2360 865 2605 929 floridis

313 964 712 1028 luculentius
733 963 1150 1028 illustrantur
1171 968 1237 1028 et
1259 964 1619 1047 quiescunt,
1644 970 1711 1028 et
1738 963 2206 1029 inextricabilis
2228 964 2608 1047 improbitas

313 1062 722 1146 litigantium
781 1063 886 1126 sui
950 1062 1220 1147 prodiga
1277 1062 1578 1127 funditus
1652 1062 1980 1127 concidit1
2037 1063 2109 1126 in
2166 1063 2423 1127 ruinam
2495 1083 2610 1146 per

313 1161 590 1226 easdem.
702 1162 882 1226 Hinc
940 1167 1041 1226 est
1098 1162 1273 1245 quod
1331 1181 1482 1226 cum
1533 1162 1707 1225 inter
1755 1161 2078 1226 Abbatem
2137 1168 2206 1226 et
2265 1162 2462 1227 Couv,
2524 1164 2606 1228 de

317 1261 631 1345 Whiteby
651 1268 914 1339 actores,
937 1282 1016 1326 ex
1047 1282 1179 1325 una
1206 1268 1406 1346 parte,
1428 1267 1497 1326 et
1524 1262 1888 1327 Dominum
1916 1262 2274 1327 Walterum
2303 1262 2385 1327 de
2414 1263 2607 1345 Grey,

317 1361 657 1427 Rectorem
687 1361 839 1426 eccl.
870 1362 951 1426 de
982 1360 1250 1438 Semar,²
1278 1382 1478 1438 reum,
1510 1382 1592 1426 ex
1622 1362 1844 1440 altera,
1867 1382 2079 1426 coram
2109 1362 2298 1426 nobis
2329 1361 2604 1426 auctori-

315 1467 453 1526 tate
482 1461 806 1526 ordinaria
833 1461 1373 1544 cognoscentibus
1406 1480 1602 1544 super
1639 1462 1964 1525 amotione
2009 1461 2300 1544 ejusdem
2330 1461 2607 1525 Walteri

317 1560 401 1624 ab
444 1560 715 1625 ecclesia
756 1560 839 1623 de
890 1560 1130 1636 Semar,
1174 1565 1242 1623 et
1286 1579 1504 1623 annua
1552 1559 1865 1642 pensione
1909 1560 2199 1644 quinque
2247 1580 2605 1625 marcarum

317 1659 561 1724 eisdem
602 1660 852 1723 Abbati
893 1665 961 1723 et
1006 1659 1206 1723 ConV.
1245 1657 1603 1735 annuatim,
1649 1659 1909 1723 nomine
1953 1659 2148 1723 dictae
2191 1658 2479 1724 ecclesiae
2523 1659 2605 1723 ab

317 1758 541 1822 eodem
581 1757 889 1835 Waltero,
933 1756 1406 1834 solvendarum,
1449 1776 1644 1821 causa
1686 1757 1920 1822 fuisset
1969 1756 2278 1822 lunaliter
2319 1757 2412 1822 sic
2459 1778 2605 1841 pro-

318 1854 558 1921 tracta⁸
601 1857 774 1940 quod
817 1855 1030 1920 solum
1073 1861 1442 1938 superesset
1483 1856 1810 1920 sententia
1838 1855 2185 1920 diffinitiva
2226 1856 2606 1940 proferenda

317 1955 391 2018 in
435 1955 797 2038 praemissis,
826 1960 1041 2038 partes
1070 1954 1248 2038 pacis
1279 1955 1686 2019 concordiam
1731 1954 2196 2038 amplectentes
2226 1976 2422 2039 super
2454 1976 2605 2020 con·

318 2054 723 2118 tentionibus
773 2053 936 2138 (89¹³)
984 2059 1144 2118 tunc
1189 2053 1431 2119 habitis
1476 2054 1649 2118 inter
1691 2054 1883 2137 ipsas,
1915 2061 2151 2119 nostrae
2194 2054 2603 2131 ordinationi,

320 2152 697 2218 diffinitioni
726 2173 839 2217 seu
870 2153 1126 2217 decreto
1156 2160 1388 2236 sponte
1419 2173 1487 2217 se
1517 2152 1976 2230 submiserunt,
1998 2153 2254 2217 firmum
2277 2161 2345 2218 et
2374 2153 2604 2218 stabile

319 2273 389 2318 se
434 2252 767 2316 habituros
810 2253 1260 2335 promittentes
1305 2250 1479 2334 quod
1522 2251 1971 2329 ordinandum,
2015 2251 2442 2317 diffinendum
2489 2273 2605 2318 seu

318 2352 813 2417 discernendum
867 2352 1169 2416 similiter
1219 2351 1595 2417 duxerimus
1654 2353 1728 2415 in
1779 2352 2129 2435 praemissis
2186 2352 2357 2417 inter
2412 2353 2603 2436 ipsos,

320 2453 458 2517 Nos
501 2451 702 2536 igitur
740 2452 1040 2516 invocata
1077 2452 1360 2534 Spiritus
1408 2452 1630 2517 Sancti
1673 2454 1895 2536 gratia,
1924 2452 2181 2535 rejectis
2225 2452 2603 2535 ambagibus

318 2557 386 2616 et
415 2551 793 2617 circuitibus
827 2551 1177 2629 retroactis,
1208 2551 1599 2628 ordinamus,
1630 2551 2005 2628 diffinimus,
2035 2571 2150 2615 seu
2180 2550 2604 2617 discernimus

321 2651 495 2734 quod
526 2649 852 2714 Walterus
882 2651 1096 2716 dictus
1125 2651 1424 2715 restituat
1457 2651 1822 2733 saepedictis
1845 2650 2087 2713 Abbati
2116 2655 2184 2713 et
2213 2650 2410 2714 Couv,
2442 2649 2603 2714 duas

319 2756 536 2834 partes
566 2748 958 2814 decimarum
1002 2751 1341 2834 garbarum
1371 2748 1861 2813 dominicalium
1892 2748 1971 2812 de
2012 2748 2234 2812 Semar
2262 2768 2423 2831 quas
2453 2750 2605 2813 suo⁴

317 2857 630 2935 perpetuo
658 2850 738 2914 ab
768 2851 862 2914 eis
893 2850 976 2914 ad
1007 2851 1255 2913 firmam
1285 2869 1402 2933 pro
1431 2849 1863 2932 quadraginta
1891 2846 2114 2912 solidis
2145 2847 2379 2911 annuis
2422 2848 2603 2931 prius

316 2950 533 3014 tenuit
569 2957 637 3014 et
678 2949 988 3033 possedit,
1014 2955 1082 3014 et
1115 2950 1291 3033 quod
1334 2948 1577 3012 eisdem
1606 2948 1689 3012 de
1718 2953 1949 3011 caetero
1993 2947 2207 3011 solvat
2249 2946 2607 3024 annuatim,

318 3050 581 3114 nomine
610 3049 894 3114 ecclesiae
924 3049 1003 3114 de
1036 3049 1275 3126 Semar,
1306 3049 1492 3131 cujus
1524 3053 1682 3111 sunt
1724 3047 1997 3130 patroni,
2029 3047 2319 3129 quinque
2358 3066 2605 3110 marcas

317 3148 650 3233 pensionis
710 3148 955 3213 eisdem
1005 3148 1241 3212 debitae
1298 3148 1381 3211 ab
1438 3145 2008 3230 antiquo—videl.
2064 3146 2146 3209 ad
2207 3145 2388 3209 Pent.
2445 3145 2605 3210 duas

318 3267 566 3311 marcas
597 3255 662 3312 et
684 3247 855 3324 dim„
878 3254 945 3312 et
972 3254 1230 3311 tantum
1260 3247 1344 3311 ad
1372 3247 1413 3311 f.
1441 3247 1560 3331 [S.]
1595 3245 1871 3309 Martini
1899 3244 2169 3328 yemale,
2195 3250 2260 3308 et
2290 3244 2605 3329 arreragia

320 3347 793 3430 praemissorum
823 3346 1068 3412 eisdem
1097 3348 1374 3412 debebat
1403 3366 1609 3429 usque
1655 3344 1859 3408 mod0.
1950 3344 2037 3408 Et
2067 3343 2125 3408 si
2153 3364 2348 3427 quem
2383 3343 2605 3408 termi-

321 3466 482 3509 num
502 3447 574 3509 in
597 3466 728 3509 non
751 3446 1058 3510 solvendo
1080 3446 1462 3529 praeterierit
1484 3445 1564 3509 de
1591 3443 1938 3528 praedictis,
1960 3443 2243 3507 Domino
2264 3443 2604 3526 Archiep'o

322 3543 727 3620 Eboracensi,
749 3545 864 3627 qui
892 3565 1009 3628 pro
1032 3550 1318 3628 tempore
1343 3544 1558 3621 fuerit,
1579 3543 1688 3607 vel
1711 3544 1853 3626 ejus
1877 3542 2156 3607 Officiali
2186 3563 2303 3607 suo
2325 3543 2605 3619 nomine,

322 3642 396 3704 in
439 3649 700 3705 centum
746 3643 986 3707 solidos
1031 3645 1293 3708 nomine
1336 3663 1546 3727 poenae
1576 3648 1875 3708 teneatur
1917 3642 2230 3720 absolute,
2260 3650 2327 3707 et
2370 3641 2604 3706 nichil·

321 3740 581 3804 ominus
628 3739 708 3804 de
758 3740 1103 3825 principali
1152 3743 1583 3824 praetermissa
1624 3742 1873 3805 Abbati
1924 3750 1991 3807 et
2043 3741 2413 3807 Conventui
2461 3761 2604 3824 per-

322 3838 658 3904 solvantur
716 3839 958 3922 absque
1016 3860 1209 3904 mora.
1333 3841 1724 3905 Ordinamus
1783 3840 1996 3918 etiam,
2055 3840 2426 3915 diffinimus,
2489 3860 2605 3904 seu

322 3939 748 4005 discernimus
778 3940 953 4023 quod
984 3940 1201 4004 Abbas
1242 3947 1310 4004 et
1340 3940 1541 4005 ConV.
1571 3941 1910 4005 memorati
1953 3960 2213 4004 causam
2257 3938 2603 4003 amotionis

322 4039 484 4104 dicti
534 4038 809 4104 Walteri
868 4041 951 4104 ab
1003 4039 1272 4104 ecclesia
1330 4039 1411 4103 de
1470 4039 1697 4104 Semar
1745 4039 2142 4124 judicialiter
2198 4036 2605 4102 institutam⁶

393 4225 413 4260 ¹
449 4228 700 4279 conscidit.
1474 4224 1498 4259 ²
1531 4226 1630 4278 See
1654 4225 1748 4279 the
1772 4229 1882 4277 two
1904 4225 2012 4276 last
2034 4224 2364 4275 documents.

393 4309 416 4343 ³
451 4311 581 4361 This
617 4311 840 4379 reading
873 4311 920 4363 is
954 4315 1100 4362 most
1135 4310 1589 4377 unsatisfactory3
1624 4310 1721 4362 the
1744 4309 1861 4360 first
1889 4308 2139 4361 doubtful
2162 4307 2311 4358 word
2346 4322 2444 4358 can
2480 4307 2608 4373 only

318 4394 386 4445 be
436 4395 680 4446 limaliter
725 4411 786 4446 or
833 4396 1085 4456 lunaliter,
1124 4395 1229 4446 and
1276 4394 1372 4445 the
1415 4394 1608 4445 second
1652 4391 1911 4457 certainly
1957 4390 2142 4458 begins
2179 4390 2311 4441 with
2359 4405 2472 4455 pr0,
2513 4390 2608 4441 the

317 4477 504 4528 letters
543 4477 663 4529 that
701 4478 878 4529 follow
903 4477 1063 4546 being
1100 4477 1273 4529 either
1309 4479 1402 4527 tica
1439 4493 1499 4527 or
1535 4482 1655 4539 tcta,
1682 4474 1813 4526 with
1840 4474 1934 4525 the
1958 4473 2109 4525 usual
2147 4472 2354 4539 symbol
2390 4472 2447 4522 of
2482 4490 2603 4524 con·

320 4560 551 4612 traction
576 4560 660 4612 for
685 4579 746 4613 ra
775 4560 957 4613 above.
1480 4557 1501 4592 ⁴
1539 4558 1638 4610 Ita.
2171 4553 2194 4588 ὅ
2230 4557 2525 4606 institutum.
