3285 5121
707 592 828 652 274
1068 604 1614 658 CARTULARIUM
1653 604 2061 657 ABBATHIAE
2095 603 2199 655 DE
2233 604 2607 656 WHITEBY.

369 776 480 823 Coei
483 775 551 823 lia
710 767 1043 852 Crosseby,
1066 789 1112 834 s.
1137 768 1209 833 in
1236 769 1538 834 Domino.
1612 768 1890 833 Noverit
1916 768 2177 833 uniwv.
2208 788 2330 845 me,
2357 766 2748 852 inlegitima
2770 766 3008 830 vidui-

370 836 607 941 (81ῧῖῄεῖἓῖ
620 835 843 942 ditate
894 886 1036 931 mea
1080 868 1467 932 concessisse
1510 874 1578 931 et
1619 866 1751 950 qui.
1798 866 2129 944 clamasse,
2172 886 2288 951 pro
2336 887 2440 931 me
2491 874 2560 930 et
2606 866 2756 930 haer.
2806 867 3011 943 meis,

371 954 616 1118 ἕξὲᾞξο
588 1027 661 1060 ow
707 971 920 1031 totum
942 967 1053 1050 jus
1081 966 1255 1050 quod
1277 967 1492 1044 habui,
1513 966 1621 1031 vel
1650 965 1885 1031 habere
1902 965 2104 1050 potui,
2134 973 2202 1031 et
2229 965 2404 1050 quod
2427 966 2567 1030 dixi
2594 986 2701 1030 me
2728 964 3008 1041 habere,

374 1131 431 1175 m
446 1072 601 1177 Affr
709 1066 781 1130 in
810 1066 1062 1130 duabus
1104 1065 1355 1130 bovatis
1400 1066 1445 1130 t’
1448 1086 1552 1142 rae,
1583 1086 1734 1130 cum
1777 1070 1956 1149 pert..
2000 1064 2073 1128 in
2117 1065 2432 1149 Crosseby
2463 1064 3009 1140 Ravenswarthe,

370 1189 432 1235 d.
432 1145 543 1236 ‘iffi
546 1146 672 1250 ἔξω
712 1164 954 1228 Abbati
1012 1172 1079 1229 et
1138 1165 1334 1229 eonv
1386 1164 1466 1229 de
1516 1163 2253 1247 Whioeby—Tenendas
2299 1168 2367 1228 et
2415 1162 2743 1228 habendas
2793 1164 3005 1228 diens

371 1261 438 1353 {¹0
441 1226 672 1367 ’ξζξὶωζξὸ
717 1263 953 1327 Abbati
983 1267 1050 1328 et
1081 1263 1278 1328 Conv.
1308 1263 1825 1375 imperpetuum:
1859 1262 1952 1326 ita
1972 1262 2164 1326 videl.
2189 1262 2362 1346 quod
2384 1282 2505 1327 nec
2533 1282 2649 1346 ego
2679 1282 2802 1326 nec
2830 1261 3001 1327 haer.

374 1363 837 1427 arllrii¹=1sht¹11mei
879 1360 1129 1444 aliquid
1170 1362 1337 1445 juris
1388 1362 1461 1425 in
1517 1362 1712 1446 praed.
1758 1361 1878 1425 t’ra
1928 1361 2009 1425 de
2055 1367 2282 1426 caetero
2334 1362 2654 1444 possimus
2709 1361 2998 1444 exigere.

371 1429 438 1532 ιζ’
440 1426 683 1548 οῗὲζειξξιῗ
710 1461 915 1526 Istam
942 1481 1092 1526 vero
1136 1461 1610 1527 concessionem
1655 1466 1723 1524 et
1765 1461 2054 1544 quietam
2114 1460 2564 1524 clamationem
2611 1459 2739 1523 feci
2787 1460 2993 1524 dictis

704 1559 948 1624 Abbati
987 1567 1054 1624 et
1085 1560 1284 1626 Conv.
1314 1559 1395 1624 ad
1425 1560 1469 1626 f.
1500 1560 1560 1623 S.
1593 1559 1940 1636 Laurentii,
1971 1559 2053 1623 A.
2083 1558 2159 1623 G.
2190 1558 2536 1622 millesimo
2565 1566 2712 1622 cc¹¹²⁰
2743 1557 2834 1633 xl,
2864 1578 2988 1641 pro

706 1667 970 1724 centum
999 1659 1243 1737 solidis,
1271 1680 1432 1743 quos
1461 1659 1663 1724 michi
1690 1680 1822 1744 prae
1851 1658 2199 1723 manibus
2180 1679 2253 1722 ιιι
2280 1658 2565 1722 maxima
2592 1657 2989 1723 necessitate

706 1778 851 1823 mea
892 1758 1221 1823 dederunt.
1309 1760 1445 1843 Ego
1476 1780 1626 1824 vero
1671 1766 1738 1823 et
1772 1758 2057 1823 haeredes
2101 1758 2231 1822 mei
2260 1758 2502 1829 dictam
2545 1758 2735 1821 t’ram
2778 1756 2988 1821 dictis

706 1858 949 1923 Abbati
1002 1866 1070 1923 et
1123 1860 1321 1924 Conv.
1373 1880 1426 1924 c.
1483 1880 1536 1924 0.
1588 1858 1651 1924 h.
1692 1858 2167 1942 imperpetuum
2218 1857 2799 1921 warantizabimus.
2914 1857 2988 1920 Si

706 1978 857 2022 vero
914 1957 1253 2042 contigerit
1309 1958 1483 2041 quod
1543 1978 1659 2042 ego
1704 1960 1812 2023 vel
1870 1957 2019 2023 haer.
2071 1956 2218 2034 mei,
2264 1955 2439 2040 quod
2496 1956 2684 2033 absit,
2738 1962 2985 2020 temere

705 2061 926 2119 contra
955 2055 1193 2119 dictam
1237 2057 1523 2139 quietam
1567 2056 2023 2121 clamationem
2058 2056 2277 2120 venire
2318 2055 2734 2132 voluerimus,
2764 2055 2983 2139 obligo

705 2153 886 2238 (103)
920 2174 1022 2218 me
1063 2161 1130 2218 et
1172 2153 1455 2219 haeredes
1498 2175 1674 2220 meos
1718 2156 1803 2220 ad
1846 2176 2106 2240 poenam
2149 2162 2410 2220 centum
2455 2155 2810 2219 solidorum
2856 2154 2981 2219 sol-

701 2253 1054 2317 vendorum
1095 2253 1288 2318 dictis
1331 2254 1576 2318 Abbati
1610 2260 1677 2318 et
1707 2254 1933 2334 Conv.;
1977 2263 2045 2321 et
2074 2254 2550 2332 nichilominus,
2586 2254 2646 2319 si
2684 2255 2978 2338 aliquam

700 2352 1218 2436 impetrationem
1249 2353 1327 2417 de
1371 2354 1563 2437 praed.
1593 2354 1714 2419 t’ra
1757 2354 2046 2432 fecimus,
2077 2354 2339 2419 omnino
2367 2354 2612 2418 viribus
2658 2359 2880 2418 careat
2915 2361 2981 2418 et

700 2452 887 2516 nobis
915 2450 1119 2515 nichil
1148 2452 1452 2536 proficiat.
1541 2453 1627 2517 Et
1650 2453 1722 2517 in
1749 2453 1947 2538 hujus
1977 2455 2069 2518 rei
2099 2461 2244 2518 test.
2275 2453 2428 2517 huic
2458 2474 2573 2517 scr.
2604 2454 2720 2537 sig.
2750 2474 2973 2517 meum

702 2552 986 2638 apposui.
1077 2552 1225 2618 Hiis
1255 2552 1544 2618 testibus.
1635 2553 1955 2619 Michaele
1986 2553 2067 2619 de
2111 2552 2475 2631 Morelund,
2503 2560 2662 2618 tunc
2707 2552 2976 2618 Decano

700 2653 781 2717 de
839 2653 1370 2719 Westmorlande.
1475 2654 1808 2718 Willelmo
1868 2653 1947 2718 de
1997 2653 2295 2731 Walden,
2354 2660 2513 2718 tunc
2570 2653 2833 2717 Vicario
2895 2653 2972 2716 de

702 2752 1032 2836 Crosseby.
1127 2753 1418 2817 Gilberto
1448 2753 1528 2817 de
1551 2753 1934 2836 Kyrkecon',
1956 2760 2115 2818 tunc
2144 2750 2625 2836 Vic[ecomite]¹
2646 2752 2728 2816 de
2756 2752 2976 2816 West-

702 2851 1047 2917 morlande.
1165 2852 1455 2918 Waltero
1515 2853 1594 2917 ‹le
1654 2852 2039 2937 Mayburne,
2091 2873 2241 2917 cum
2302 2853 2549 2917 duobus
2608 2851 2761 2915 filiis
2820 2853 2978 2927 suis»,

701 2951 991 3017 Waltero
1036 2958 1102 3016 et
1143 2953 1191 3017 J
1193 2952 1461 3019 ohanne.
1552 2953 1889 3018 Roulando
1919 2953 1999 3018 de
2044 2952 2371 3038 Refegille.
2459 2952 2673 3017 Alano
2703 2952 2787 3018 de
2818 2952 2972 3016 Ber-

708 3070 862 3134 wys.
954 3051 1230 3135 Hugone
1261 3052 1341 3118 de
1373 3052 1606 3137 Colby;
1650 3059 1717 3117 et
1745 3052 1910 3119 aliis.

1269 3240 1690 3307 CCCXXIV.
1738 3243 1912 3306 Anu.
1943 3258 2028 3306 nn
2063 3243 2419 3308 Cnossnnv.

793 3377 1112 3441 Omnibus
1157 3375 1273 3441 has
1319 3378 1570 3443 litteras
1613 3379 1731 3442 vis
1777 3378 1882 3443 vel
1926 3379 2067 3444 aud.
2102 3379 2468 3458 Cristiana,2
2495 3379 2630 3443 filia
2674 3379 2971 3444 Silvestri

702 3473 781 3538 de
828 3474 1142 3557 Crosseby
1172 3476 1690 3555 Ravenswarthe,
1720 3477 2009 3542 salutem.
2103 3478 2333 3544 Sciatis
2377 3500 2497 3556 me,
2541 3479 2611 3542 in
2657 3479 2978 3543 viduitate

701 3592 846 3635 mea
893 3578 958 3636 et
1005 3572 1293 3656 legitima
1339 3582 1660 3658 potestate
1703 3598 1863 3654 mea,
1894 3578 2211 3644 relaxasse
2254 3585 2319 3645 et
2363 3600 2468 3663 qu.
2500 3578 2828 3654 clamasse,
2858 3599 2974 3662 pro

703 3695 807 3739 me
838 3681 904 3739 et
933 3675 1084 3739 haer.
1114 3678 1273 3741 meis
1305 3677 1781 3762 inperpetuum,
1812 3682 1951 3745 Deo
1982 3691 2049 3748 et
2092 3682 2260 3747 Eccl.
2293 3684 2363 3748 B.
2411 3683 2481 3747 P.
2527 3690 2593 3748 et
2638 3682 2698 3747 S.
2730 3681 2972 3767 Hyldae

704 3774 782 3839 de
812 3774 1140 3858 Whiteby,
1170 3783 1237 3840 et
1264 3797 1433 3842 mon.
1464 3778 1548 3842 ib.
1580 3779 1721 3842 Deo
1752 3800 1928 3856 serv.,
1958 3788 2172 3846 totum
2204 3783 2314 3865 jus
2359 3789 2425 3847 et
2453 3782 2758 3847 clamium
2803 3781 2977 3867 quod

702 3874 921 3951 habui,
951 3874 1057 3939 vel
1099 3873 1332 3940 habere
1376 3877 1579 3960 potui,
1621 3878 1693 3941 in
1739 3879 1988 3945 duabus
2032 3881 2285 3946 bovatis
2331 3882 2463 3947 t’rae
2506 3903 2655 3948 cum
2699 3883 2864 3946 tofto
2911 3888 2976 3948 et

705 3975 924 4052 croft0,
977 3981 1044 4038 et
1091 3995 1258 4039 omn.
1307 3980 1461 4058 pert
1511 3976 1663 4055 suis,
1707 3977 1777 4040 in
1822 3978 1979 4041 villa
2028 3979 2107 4044 de
2155 3981 2467 4065 Crosscby
2513 3981 2976 4045 Ravenswarth

705 4095 866 4157 quas
909 4081 1092 4158 pater
1133 4095 1315 4139 meus
1366 4075 1673 4140 Silvester
1717 4077 2044 4160 quondam
2088 4081 2313 4145 tenuit.
2404 4083 2490 4146 Et
2533 4089 2610 4145 ut
2652 4080 2789 4146 haec
2835 4101 2979 4144 mea

704 4172 1013 4238 relaxatio
1061 4179 1127 4238 et
1173 4175 1393 4258 quieta
1444 4174 1746 4239 clamatio
1791 4183 1928 4240 rata
1974 4179 2059 4242 sit
2104 4186 2170 4243 et
2213 4180 2486 4259 stabilis,
2514 4180 2670 4244 huic
2715 4201 2833 4245 scr.
2863 4180 2979 4264 sig.

706 4292 923 4337 meum
953 4276 1241 4357 apposui.
1317 4275 1469 4340 Hiis
1501 4275 1794 4341 testibus.
1871 4276 2221 4357 willelmo,
2240 4279 2497 4344 Vicario
2528 4279 2608 4345 de
2643 4280 2974 4362 Crosseby.

776 4394 798 4429 ²
845 4397 1049 4448 Vicat-io
1067 4416 1085 4449 .·
1119 4399 1221 4451 but
1243 4417 1330 4451 see
1353 4400 1460 4452 last
1483 4400 1634 4461 deod,
1663 4402 1769 4452 and
1794 4406 1932 4453 note.
2007 4403 2170 4454 Vicar
2191 4405 2249 4455 of
2273 4405 2703 4457 Westmorelantl
2726 4406 2774 4457 is
2798 4421 2857 4456 as
2880 4404 2977 4455 im-

705 4478 933 4541 possible
956 4495 1015 4529 as
1039 4479 1344 4533 Vicccomes
1369 4482 1425 4534 of
1448 4499 1481 4534 a
1503 4487 1703 4550 county
1727 4488 1888 4535 town.

777 4557 799 4590 ²
834 4561 931 4612 See
955 4563 1237 4629 preceding
1260 4564 1433 4617 deeds.
