3285 5121
709 600 831 659 292
1071 608 1621 663 CARTULARIUM
1660 609 2066 662 ABBATHIAE
2103 610 2202 661 DE
2236 610 2608 662 WHITEBY.

704 774 1004 839 fidelibus
1049 775 1184 839 suis
1229 773 1310 839 de
1352 772 1869 850 Eboracaschira‚
1898 774 2193 838 salutem.
2284 774 2518 838 Sciatis
2562 794 2667 838 me
2712 793 2898 838 conc.
2934 779 3013 838 et

704 874 871 938 conf.
899 873 1042 938 Deo
1087 879 1154 938 et
1197 872 1370 938 Eccl.
1404 873 1465 938 S.
1496 874 1567 937 P.
1599 878 1666 936 et·
1717 873 1780 937 S.
1812 872 2053 956 Hyldae
2100 873 2180 937 de
2208 872 2541 956 Whiteby,
2585 877 2653 936 et
2695 892 2873 937 mon.
2908 873 3010 936 ib.

703 973 845 1036 Deo
876 993 1055 1049 serv„
1085 971 1238 1037 eccl.
1269 972 1348 1036 de
1380 972 1556 1036 Aton
1586 972 1659 1035 in
1702 971 2063 1048 Oliveland,
2092 992 2242 1036 cum
2285 979 2440 1055 pert.
2487 972 2639 1047 suis,
2684 973 2757 1034 in
2803 971 3014 1036 elem.

703 1092 899 1155 perp„
929 1093 1043 1155 pro
1088 1093 1141 1136 a.
1174 1071 1378 1155 patris
1408 1072 1556 1147 mei,
1587 1071 1782 1154 Regis
1811 1071 2149 1147 Willelmi,
2179 1077 2245 1135 et
2288 1091 2402 1154 pro
2445 1076 2688 1134 memet
2728 1071 2900 1153 ipsc,
2938 1079 3018 1135 et

703 1190 818 1254 pro
849 1171 997 1236 haer.
1026 1172 1204 1235 meis.
1298 1170 1595 1235 Concedo
1625 1171 1823 1234 etiam
1851 1175 1919 1234 et
1947 1171 2113 1235 conf.
2144 1170 2335 1253 praed.
2359 1170 2538 1235 Mon.
2560 1170 2641 1234 de
2671 1169 3016 1255 Whiteby

705 1270 855 1335 eccl.
909 1270 989 1334 de
1042 1269 1518 1354 Mydilsburgh,
1571 1290 1721 1334 cum
1769 1274 1929 1352 pert.
1962 1270 2117 1345 suis»,
2161 1276 2237 1333 ut
2284 1269 2569 1333 habeant
2618 1289 2765 1333 eam
2818 1269 3014 1333 sicut

702 1367 971 1433 liberam
1017 1375 1083 1434 et
1126 1369 1451 1452 propriam
1479 1368 1708 1433 cellam
1739 1388 1940 1433 suam.
2028 1368 2219 1433 Teste
2267 1366 2623 1454 G[alfrido]
2643 1368 2669 1408 ¹
2719 1368 3011 1433 Cancel-

706 1466 882 1532 lari0.
971 1468 1169 1552 Apud
1199 1467 1868 1533 westmonasterium.

707 1642 1123 1708 CCCXLIII.
1172 1643 1348 1707 AmA
1377 1658 1824 1708 commno
1856 1655 2342 1706 PRAEmcrARtm
2371 1656 2833 1706 Eecmsuntm
2865 1657 3000 1705 PER

1508 1743 1881 1806 Hnnmctm
1913 1741 2170 1806 ΒΕΟΕΗ.

797 1867 1138 1943 Henricus,
1182 1866 1263 1931 D.
1314 1865 1390 1930 G.
1437 1866 1578 1930 Rex
1622 1863 1898 1949 Angliae‚
1943 1871 2010 1928 et
2052 1865 2210 1928 Dux
2271 1863 2709 1940 Normanniae,
2752 1871 2876 1929 etc.
2923 1874 2999 1929 et

707 1987 876 2031 omn.
906 1965 1078 2030 hom.
1110 1971 1177 2030 et
1205 1965 1508 2030 fidelibus
1539 1964 1674 2029 suis
1704 1964 1907 2028 totius
1935 1963 2210 2048 Angliae,
2238 1964 2532 2029 salutem.
2621 1964 2860 2028 Sciatis
2883 1985 2994 2029 me

709 2085 883 2129 conc.
925 2071 995 2128 et
1038 2085 1130 2147 pr.
1162 2083 1214 2127 c.
1259 2065 1424 2128 conf.
1466 2065 1610 2127 Deo
1656 2069 1720 2128 et
1758 2062 1928 2127 Ech
1977 2064 2037 2128 S.
2076 2064 2146 2128 P.
2184 2069 2248 2127 et
2295 2063 2357 2128 S.
2391 2063 2576 2147 (115)
2614 2062 2861 2146 Hyldae
2906 2064 2992 2128 de

707 2162 1035 2244 Whitehy,
1066 2169 1134 2225 ct
1176 2182 1344 2225 mon.
1375 2162 1459 2225 ib.
1492 2162 1632 2225 Deo
1677 2182 1858 2240 serv„
1888 2163 1959 2226 in
2002 2162 2113 2227 lib.
2144 2168 2212 2227 et
2254 2182 2426 2245 perp.
2469 2161 2673 2237 elem„
2704 2160 2858 2225 eccl.
2906 2160 2992 2225 de

705 2261 923 2324 Atona
972 2261 1044 2323 in
1096 2259 1455 2336 Cliveland,
1507 2280 1656 2323 cum
1709 2282 1876 2325 omn.
1925 2267 2087 2345 pert.
2147 2263 2303 2339 suis,
2356 2261 2437 2324 ad
2481 2261 2774 2344 proprios
2824 2282 2989 2325 usus

706 2358 1164 2422 monachorum
1204 2358 1396 2441 praed.
1427 2357 1750 2423 Ecclesiae.
1842 2360 2160 2424 Similiter
2201 2359 2355 2425 eccl.
2389 2359 2470 2424 de
2511 2359 2994 2444 Midilsburgh',

706 2479 855 2522 cum
886 2478 1053 2522 omn.
1084 2463 1242 2541 pert.
1269 2458 1422 2534 suis,
1445 2463 1760 2543 tanquam
1789 2461 2113 2543 propriam
2143 2459 2373 2523 cellam
2402 2458 2885 2538 monachorum,
2906 2461 2990 2523 ad

707 2559 999 2645 proprios
1028 2580 1185 2624 usus
1217 2580 1434 2624 eorum
1465 2558 1744 2624 concedo
1774 2567 1840 2624 et
1870 2560 2193 2624 confirmo.
2281 2562 2367 2623 Et
2386 2559 2692 2643 prohibeo
2721 2581 2806 2624 ne
2837 2560 2987 2644 quis

710 2660 1208 2743 praenominatas
1257 2659 1560 2723 ecclesias
1612 2665 1964 2743 praesumat
2015 2659 2296 2723 alienare
2339 2660 2447 2724 vel
2493 2666 2898 2743 sequestrare
2948 2682 2988 2724 a

711 2759 1036 2823 dominica
1065 2779 1289 2823 mensa
1307 2759 1630 2843 praedictae
1659 2758 1981 2835 Ecclesiae,
2010 2764 2125 2822 aut
2147 2757 2300 2823 inde
2332 2758 2675 2824 Monachis
2694 2757 2985 2843 aliquam

707 2858 1015 2941 injuriam
1044 2859 1266 2923 facere.
1357 2859 1654 2923 Concedo
1684 2857 1886 2923 etiam
1915 2863 1980 2922 et
2011 2858 2318 2922 confirmo
2347 2858 2536 2941 praed.
2569 2857 2877 2922 Ecclesiae
2908 2860 2987 2923 de

710 2957 1024 3041 Whiteby
1055 2958 1126 3020 in
1170 2956 1279 3021 lib.
1323 2965 1390 3021 et
1431 2978 1606 3042 perp.
1654 2956 1835 3021 elem.
1882 2955 2034 3020 eccl.
2069 2956 2150 3020 de
2195 2956 2496 3039 Kirkeby
2535 2961 2602 3020 et
2645 2956 2984 3021 ecclesiam

712 3055 793 3120 de
855 3056 1147 3140 Ingelby,
1199 3077 1349 3120 cum
1402 3076 1572 3120 omn.
1624 3063 1785 3139 pert.
1829 3075 2066 3132 earum,
2111 3076 2272 3138 quas
2324 3055 2618 3139 praedicti
2667 3054 2986 3120 Monachi

710 3150 955 3219 habent
983 3175 1064 3218 ex
1095 3154 1260 3218 dono
1285 3154 1444 3218 Adae
1472 3155 1593 3218 filii
1608 3154 1802 3218 Viell.
1890 3154 2207 3219 Testibus.
2298 3153 2632 3239 H(ugone)
2665 3154 2985 3239 Episcopo

711 3252 1155 3317 Dunelmensi.
1268 3254 1328 3318 G
1373 3303 1387 3318 .
1436 3304 1448 3317 .
1496 3303 1509 3316 .
1555 3254 1874 3337 Episcopo
1932 3252 2196 3316 Eliensi.
2316 3253 2590 3317 Ricardo
2650 3252 2732 3317 de
2788 3254 2984 3337 Lucy.

716 3354 966 3417 Comite
996 3353 1326 3449 Willelmo
1355 3352 1741 3417 Albemaria.
1827 3351 2027 3436 Apud
2057 3353 2435 3417 Eboracum.

873 3525 1278 3591 CCCXLIV.
1325 3524 1916 3601 Qumucmmno
1947 3526 2353 3591 Mouumuu
2383 3541 2468 3589 DE
2498 3525 2826 3590 Grumum.

1555 3640 1752 3688 mAs
1784 3626 2132 3689 HANDAIAE.

803 3748 1143 3813 Universis
1175 3747 1418 3812 Christi
1459 3747 1780 3825 fidelibus,
1809 3769 1900 3832 pr.
1940 3749 2193 3814 litteras
2238 3750 2645 3833 inspecturis,
2674 3750 2987 3814 Priorissa

711 3855 774 3914 et
808 3849 1007 3915 Conv.
1038 3848 1117 3913 de
1149 3846 1470 3912 Grendale
1499 3847 1660 3911 alias
1705 3846 2051 3925 Handalef·
2078 3869 2128 3915 s.
2162 3848 2233 3912 in
2262 3850 2564 3914 Domino.
2654 3849 2984 3913 Noveritis

784 3984 804 4019 ¹
841 3987 1086 4052 Geoffrey
1110 3986 1297 4049 Rufus,
1322 3985 1634 4037 Chaneellor
1664 3988 1984 4039 1124-1135.

785 4068 807 4103 ²
845 4070 1103 4132 Handale‚
1130 4069 1189 4121 in
1210 4069 1305 4120 the
1328 4069 1510 4135 pat-ish
1534 4069 1589 4119 of
1624 4068 1932 4131 Lofthouse,
1959 4085 2029 4120 on
2054 4070 2147 4120 the
2168 4070 2389 4121 bor-ders
2413 4069 2470 4120 of
2504 4069 2775 4123 Liverton.
2849 4070 2984 4121 Wil-

711 4154 854 4216 liam,
893 4170 989 4205 son
1012 4155 1069 4204 of
1103 4152 1337 4204 Richard
1370 4152 1438 4202 de
1475 4152 1660 4215 Percy,
1686 4167 1808 4215 says
1843 4152 2064 4212 Bur-ton,
2098 4156 2130 4179 “
2149 4153 2384 4203 founded
2409 4169 2442 4204 a
2463 4152 2618 4203 small
2644 4153 2834 4219 Prior-y
2858 4153 2986 4204 here

711 4236 795 4287 for
820 4236 1161 4287 Benedictine
1197 4236 1367 4298 Nuus,
1394 4239 1452 4287 to
1487 4233 1582 4285 the
1617 4233 1826 4283 honour
1861 4234 1919 4284 of
1952 4234 2046 4285 the
2083 4234 2276 4302 Vir-gin
2312 4235 2508 4301 Mary”
2546 4236 2604 4285 in
2645 4237 2798 4287 1133.
2872 4236 2985 4286 The

713 4320 906 4370 lauded
931 4318 1297 4369 endowments
1332 4334 1472 4368 seem
1496 4321 1556 4368 to
1579 4317 1717 4367 have
1753 4316 1889 4366 been
1912 4315 2014 4368 but
2049 4318 2219 4381 small,
2246 4318 2396 4384 lying
2431 4317 2633 4383 mainly
2656 4318 2712 4368 in
2737 4318 2985 4369 Handale

709 4401 870 4462 itself,
898 4401 1002 4452 and
1026 4400 1083 4450 in
1108 4400 1435 4463 Hilderwell,
1456 4399 1713 4464 Dunsley,
1738 4399 1969 4463 Marton,
1991 4398 2217 4467 Scaling‚
2244 4399 2525 4466 Waupley‚
2555 4399 2834 4465 Deepdale,
2862 4401 2986 4462 and,

713 4484 851 4533 from
876 4482 970 4533 the
1005 4484 1300 4548 testimony
1334 4483 1394 4533 of
1427 4483 1538 4533 this
1561 4481 1700 4533 deed
1733 4482 1840 4533 and
1875 4482 1969 4533 the
2004 4487 2151 4546 next,
2177 4484 2234 4533 in
2271 4483 2433 4535 Aton.
2507 4482 2667 4533 From
2702 4482 2800 4533 the
2834 4483 2988 4534 testi·

714 4581 874 4628 mony
900 4565 1011 4614 also
1035 4564 1092 4613 of
1117 4565 1211 4613 the
1237 4566 1405 4630 Per-cy
1433 4565 1678 4630 Feodary
1708 4571 1745 4594 ‘⁴
1764 4565 2022 4616 Prior-issa
2045 4565 2113 4616 de
2152 4566 2398 4616 Handule
2421 4565 2603 4616 tenuit
2629 4565 2683 4615 in
2707 4565 2989 4631 Ugthorpe
