3285 5121
637 604 716 662 12
1011 612 1560 665 CARTULARIUM
1596 611 2003 664 ABBATHIAE
2038 611 2144 663 DE
2176 611 2554 663 WHITEBY.

629 777 908 842 obierint
931 777 1182 854 saisiti,¹
1213 782 1593 861 recuperent
1611 775 1914 840 similiter
1935 797 2082 840 cum
2102 776 2362 840 dotibus
2383 776 2518 840 suis
2543 775 2622 840 de
2642 775 2913 860 illis-qui

629 875 709 940 de
732 877 976 960 injusto
1008 876 1503 941 deforciamento
1525 876 1769 939 fuerint
1790 875 2067 940 convicti
2098 874 2380 959 dampna
2398 896 2516 939 sua
2533 876 2603 939 in
2629 875 2909 940 valorem

627 977 829 1040 totius
860 976 1028 1040 dotis
1043 975 1069 1014 ²
1098 976 1244 1040 illas
1263 976 1695 1059 contingentis
1720 996 1760 1039 a
1787 982 2073 1058 tempore
2091 976 2313 1038 mortis
2335 975 2622 1039 virorum
2646 994 2908 1039 suorum

630 1097 839 1159 usque
868 1074 951 1138 ad
981 1076 1151 1139 diem
1182 1095 1310 1158 quo
1342 1075 1497 1157 ipsae
1527 1074 1740 1137 viduae
1771 1095 1884 1157 per
1905 1074 2226 1157 judicium
2258 1073 2470 1138 Curiae
2501 1074 2695 1158 Regis
2726 1073 2906 1137 saisi-

630 1197 781 1239 nam
811 1195 995 1238 suam
1024 1174 1556 1257 recuperaverint,
1587 1179 1654 1237 et
1683 1174 1811 1257 ipsi
1841 1173 2260 1237 deforciantes
2284 1173 2744 1237 nichilominus
2774 1173 2908 1236 sint

627 1275 700 1337 in
729 1273 1165 1337 misericordia
1193 1272 1461 1336 Domini
1491 1272 1684 1355 Regis
1714 1272 1884 1335 sicut
1913 1271 2090 1355 prius
2121 1270 2346 1335 solent.

801 1446 880 1509 V.
929 1445 1165 1510 OMNES
1207 1461 1434 1509 VIDUAE
1478 1460 1769 1509 Possum·
1812 1460 2067 1508 LEGABE
2112 1460 2329 1508 BLADA
2373 1460 2723 1509 SEMINATA.

717 1570 957 1634 Omnes
986 1569 1202 1633 viduae
1246 1568 1326 1633 de
1370 1575 1598 1634 caetero
1644 1568 1854 1653 legare
1895 1572 2168 1652 possunt
2211 1568 2405 1632 blada
2447 1588 2565 1632 sua
2605 1568 2676 1630 in
2719 1572 2904 1644 terra,

629 1674 766 1733 tam
797 1669 875 1733 de
906 1668 1163 1733 dotibus
1194 1669 1328 1732 suis
1359 1689 1554 1751 quam
1599 1668 1679 1733 de
1724 1668 1868 1732 aliis
1911 1668 2131 1731 liberis
2175 1668 2363 1747 terris
2407 1672 2474 1732 et
2518 1668 2904 1732 tenementis

628 1769 781 1845 suis,
840 1769 1035 1832 salvis
1095 1767 1375 1832 servitiis
1434 1766 1840 1831 dominorum
1915 1787 2059 1849 quae
2112 1767 2431 1831 debentur
2489 1767 2567 1831 de
2627 1767 2903 1831 dotibus,

633 1866 1173 1951 (stat.M02-t.,01.
1207 1867 1245 1930 i.
1279 1887 1329 1929 ο.
1366 1866 1448 1948 2.)

701 2039 818 2103 VI.
863 2039 970 2103 DE
1001 2054 1372 2103 mssmsnu
1401 2054 1609 2103 FACTA
1640 2055 1799 2103 Pos'r
1829 2055 2146 2104 smsmAM
2175 2057 2437 2105 rAcrAM
2466 2056 2589 2103 PER
2615 2039 2813 2102 171611-

1610 2154 1923 2202 commu.

717 2262 788 2328 Si
831 2261 978 2345 quis
1023 2260 1216 2325 fuerit
1266 2260 1628 2326 disseisitus
1679 2261 1757 2326 de
1800 2262 2001 2327 libero
2048 2268 2418 2329 tenemento
2449 2285 2565 2329 suo
2595 2269 2661 2329 et
2691 2282 2901 2328 coram

626 2364 673 2427 J
677 2361 1024 2426 ust1c1arus
1069 2361 1558 2425 itinerantibus⁸
1588 2361 1893 2426 seisinam
1933 2364 2437 2447 recuperaverit⁴
2479 2386 2593 2449 per
2635 2364 2903 2428 assisam

627 2482 812 2525 novae
864 2460 1234 2537 disseisinae,
1282 2461 1389 2525 vel
1431 2481 1547 2545 per
1588 2461 2020 2544 cognitionem
2063 2484 2285 2527 eorum
2335 2464 2449 2547 qui
2500 2463 2903 2528 disseisinam

627 2560 912 2639 fecerint,
964 2565 1031 2625 et
1080 2560 1219 2644 ipse
1269 2559 1629 2626 disseisitus
1690 2583 1805 2646 per
1855 2563 2299 2628 vicecomitem
2357 2564 2659 2627 seisinam
2717 2582 2901 2626 suam

627 2660 942 2738 habuerit,
973 2662 1031 2725 si
1075 2661 1199 2744 ipsi
1240 2660 1741 2727 disseisiatores⁶
1783 2669 2023 2747 postea,
2052 2668 2202 2747 post
2229 2664 2352 2727 iter
2377 2663 2424 2726 J
2427 2662 2896 2726 usticlanorum

627 2760 735 2824 vel
779 2760 965 2838 infra,
992 2761 1231 2826 iterum
1262 2768 1759 2847 conquerentem
1805 2763 2303 2841 disseisaverint‚
2333 2769 2398 2827 et
2441 2762 2591 2828 inde
2621 2761 2902 2827 convicti

628 2859 886 2936 fuerint,
910 2860 1133 2924 statim
1164 2862 1502 2945 capiantur
1524 2870 1591 2927 et
1619 2863 1691 2926 in
1720 2863 1982 2947 prisona
2008 2870 2228 2927 nostra
2250 2863 2676 2939 detineantur,
2698 2861 2900 2926 donec

627 2979 743 3042 per
761 2960 1082 3023 nostram⁶
1110 2960 1614 3045 redemptionem
1635 2961 1743 3025 vel
1765 2962 1891 3026 alio
1913 2961 2103 3026 modo
2134 2962 2582 3028 deliberentur.
2657 2960 2901 3026 Eodem

625 3059 814 3122 modo
859 3059 974 3122 fiat
1003 3058 1083 3123 de
1125 3059 1254 3123 hiis
1284 3062 1401 3143 qui
1430 3063 1698 3125 seisinas
1730 3082 1878 3126 suas
1922 3063 2438 3145 recuperaverint
2479 3084 2594 3146 per
2635 3064 2901 3126 assisam

625 3157 851 3220 mortis
895 3157 1330 3222 antecessoris.
1419 3159 1506 3221 Et
1555 3159 1857 3223 similiter
1906 3160 2207 3223 omnibus
2251 3160 2396 3223 aliis
2449 3162 2565 3242 qui
2606 3166 2806 3223 terras
2836 3164 2903 3222 et

625 3260 998 3318 tenemento.
1040 3275 1426 3339 quocunque
1471 3258 1661 3321 modo
1706 3259 1776 3321 in
1823 3259 2019 3323 Curia
2063 3259 2256 3342 Regis
2301 3279 2416 3342 per
2465 3255 2752 3340 juratas⁷
2802 3277 2870 3320 re

626 3354 1089 3435 cuperaverint,
1118 3354 1174 3416 si
1203 3360 1427 3438 postea
1457 3355 1765 3420 disseisiti
1793 3356 2035 3421 fuerint
2062 3378 2102 3421 a
2127 3358 2446 3441 prioribus
2470 3355 2901 3420 deforciatori-

627 3452 748 3515 bus
778 3469 1003 3516 versus
1034 3472 1195 3534 quos
1224 3454 1755 3537 recuperaverint.

774 3623 934 3688 VII.
982 3624 1176 3702 Quon
1208 3624 1607 3691 MAGNArns⁸
1635 3643 1904 3692 Possm'r
1932 3645 2307 3693 AssALrARn
2395 3678 2408 3692 .
2498 3678 2513 3693 .
2604 3679 2617 3693 .
2709 3627 2751 3692 ‚⁹

714 3760 1035 3838 Quoniam
1051 3758 1102 3800 ¹⁰
1151 3761 1345 3826 multi
1391 3770 1720 3849 magnates
1773 3765 1852 3830 de
1904 3786 2096 3851 regno
2144 3766 2396 3852 Angliae
2414 3765 2463 3805 ¹¹
2515 3768 2629 3851 qui
2681 3767 2900 3832 feoffa-

624 3858 918 3925 verunt¹²
963 3861 1203 3925 milites
1250 3868 1316 3926 et
1366 3862 1566 3928 libere
1607 3870 1901 3930 tenentes
1947 3865 2026 3931 de
2071 3867 2288 3951 parvis
2337 3867 2723 3931 tenementis
2771 3867 2896 3951 [in]

697 3971 717 4006 ¹
752 3973 922 4024 There
943 3973 991 4024 18
1013 3973 1140 4025 11616
1174 3990 1245 4025 an
1280 3991 1307 4025 e
1346 3975 1480 4027 with
1523 3993 1593 4027 811
1630 3982 1888 4043 apparent
1925 3979 2079 4029 mark
2114 3979 2172 4030 of
2205 3979 2586 4042 abbreviation,
2623 3984 2683 4030 to
2724 3980 2900 4031 which

627 4055 854 4122 nothing
877 4071 1106 4106 answers
1131 4056 1189 4106 in
1211 4056 1305 4107 the
1330 4057 1469 4109 Roll.
1968 4059 1989 4093 ²
2026 4060 2281 4128 supplied
2304 4061 2444 4112 from
2469 4060 2562 4112 the
2587 4063 2805 4129 margin.

698 4136 721 4171 ³
756 4139 1130 4190 ammantibus.
1522 4138 1545 4173 ⁴
1580 4146 2011 4208 recuperaverint.
2444 4141 2468 4176 ⁶
2502 4145 2861 4197 disseeiazom.

695 4218 719 4253 ⁶
754 4224 776 4272 1
799 4220 844 4270 if
866 4224 963 4271 not
988 4225 1137 4287 “per
1158 4238 1256 4273 nos
1278 4239 1374 4289 per
1397 4223 1870 4290 redemptionem.''
1941 4226 2056 4277 The
2080 4230 2285 4279 statute
2309 4227 2407 4279 1188
2432 4230 2466 4257 “
2481 4243 2578 4293 per
2613 4227 2899 4279 Dominum

625 4319 801 4371 regem
826 4318 922 4368 per
943 4302 1359 4370 redemptionem
1385 4302 1434 4366 ;’'
1467 4305 1563 4357 the
1588 4307 1710 4358 Rot.
1737 4306 1939 4368 Olane„
1974 4312 2007 4338 ⁸‘
2021 4325 2116 4375 per
2132 4326 2229 4361 1108
2256 4327 2351 4376 per
2372 4310 2842 4376 redemptionem.”

695 4385 717 4420 ⁷
743 4388 1004 4452 juratam.
1544 4386 1566 4422 ⁸
1600 4399 1887 4455 maynatao.
2440 4391 2464 4427 ⁹
2501 4394 2754 4461 Illegible.

697 4467 741 4502 ¹⁰
782 4472 814 4498 “
834 4469 1008 4531 Quian·
1034 4471 1093 4521 in
1117 4470 1213 4521 the
1239 4471 1456 4523 Statum
1474 4473 1531 4522 of
1556 4472 1787 4524 Met-ton.

698 4550 737 4585 ¹¹
778 4558 809 4580 ‘⁴
828 4552 895 4603 de
920 4569 1080 4620 regno
1096 4552 1125 4575 ”
1151 4553 1379 4606 omitted
1408 4554 1463 4605 in
1488 4555 1583 4605 the
1608 4555 1744 4607 stat.
2324 4559 2366 4592 ¹²
2384 4560 2753 4622 seosevverunc.
