3285 5121
980 611 1562 666 INTRODUOTORY
1597 612 1995 667 CHAP‘rERs.
2416 598 2628 663 xxxiii

353 794 545 839 suum
576 774 966 858 quibusdam
995 796 1077 841 ex
1107 777 1415 841 fratribus
1443 777 1768 861 patefecit,
1798 799 1833 842 e
1878 778 2112 862 quibus
2156 779 2316 844 duos
2360 799 2513 843 mox
2558 780 2629 842 in

351 876 456 939 sui
485 875 798 959 propositi
831 876 1204 941 societatem
1235 878 1360 942 sibi
1389 878 1728 962 adjunxit3
1772 898 2043 961 quorum
2075 878 2239 943 alter
2281 879 2631 955 Diaconus,

348 980 573 1056 postea
624 974 985 1057 Presbyter,
1028 975 1321 1053 Elfwius,
1366 977 1529 1041 alter
1570 976 1834 1061 ignarus
1876 977 2238 1041 litterarum
2282 978 2628 1041 vocabatur

348 1071 756 1137 Reinfridus:
802 1073 1039 1157 quibus
1060 1075 1282 1138 Abbas
1301 1075 1587 1158 ipsorum
1608 1096 1742 1139 non
1769 1075 1959 1140 aliter
1987 1075 2268 1139 abeundi
2295 1074 2623 1139 licentiam

347 1170 502 1235 dare
553 1172 780 1249 voluit,
826 1172 956 1236 nisi
1015 1173 1194 1256 prius
1242 1172 1621 1238 Aldwinum
1682 1174 1774 1238 eis
1832 1181 2248 1258 praeponeret,
2291 1178 2357 1237 et
2409 1193 2628 1237 curam

347 1271 710 1336 animarum
740 1271 998 1336 illorum
1029 1273 1157 1356 ipsi
1186 1273 1678 1338 commendaret.
1738 1274 2168 1338 Perrexerunt
2188 1273 2408 1356 itaque
2432 1272 2627 1335 simul

348 1370 622 1454 pedibus
673 1371 1047 1435 incedentes
1104 1377 1233 1437 tres
1293 1371 1611 1448 monachi,
1659 1393 1868 1435 unum
1914 1372 2365 1436 tantummodo
2410 1391 2627 1435 secum

349 1469 658 1533 ducentes
688 1469 979 1545 asellum,
1007 1491 1136 1554 quo
1166 1470 1318 1535 libri
1349 1471 1690 1535 necessarii
1721 1477 1786 1534 et
1807 1470 2196 1534 vestimenta
2212 1469 2629 1535 sacerdotalia

350 1566 434 1630 ad
484 1567 781 1630 divinum
839 1568 1295 1633 celebrandum
1354 1568 1739 1653 mysterium
1796 1568 2183 1631 ferebantur.
2274 1568 2361 1632 Et
2421 1568 2629 1651 primo

351 1665 617 1748 quidem
645 1687 836 1750 super
863 1667 1071 1750 ripam
1104 1668 1252 1731 Tini
1287 1666 1576 1731 fluminis
1605 1667 1689 1731 ad
1733 1666 1992 1750 plagam
2044 1667 2628 1751 septentrionalem,

354 1764 425 1826 in
469 1764 609 1828 loco
652 1765 765 1849 qui
809 1765 1048 1830 dicitur
1092 1765 1636 1841 Munecaceastre,
1667 1765 1843 1849 quod
1889 1766 2349 1830 monachorum
2399 1766 2626 1830 civitas

353 1862 731 1946 appellatur,
761 1862 1052 1929 habitare
1082 1869 1451 1949 coeperunt;
1494 1865 1607 1948 qui
1636 1864 1820 1929 locus
1863 1864 2021 1929 licet
2060 1865 2140 1928 ad
2187 1865 2628 1949 episcopatum

352 1962 907 2028 Dunhelmensem
980 1965 1319 2047 pertineat,
1386 1964 1552 2048 juris
1611 1972 1831 2028 tamen
1904 1965 1972 2028 N
1973 1964 2624 2048 orthanhymbrorum

351 2062 623 2127 Comitis
651 2062 941 2129 habetur.
1031 2063 1435 2148 Quapropter
1462 2063 1868 2127 venerandus
1909 2064 2214 2127 Pontifex
2243 2064 2624 2128 Walcherus

352 2161 435 2224 ad
480 2161 626 2225 illos
669 2161 939 2226 mittens
966 2163 1222 2247 rogavit
1248 2169 1325 2227 ut
1368 2161 1450 2227 ad
1495 2183 1564 2226 se
1593 2162 1910 2240 venirent,
1940 2169 2008 2226 et
2055 2163 2179 2226 sub
2222 2164 2369 2246 jure
2410 2163 2627 2246 potius

351 2259 637 2325 ecclesiae
711 2282 910 2345 quam
984 2263 1106 2326 sub
1179 2267 1501 2345 potestate
1572 2261 1979 2326 saecularium
2036 2262 2344 2326 manendi
2415 2261 2631 2325 locum

352 2359 733 2443 acciperent.
825 2360 1001 2438 Quos
1058 2361 1477 2426 advenientes
1527 2362 1737 2425 multo
1786 2381 1934 2425 cum
1994 2360 2237 2426 honore
2284 2367 2352 2425 et
2397 2360 2630 2444 gaudio

349 2460 651 2542 suscepit,
680 2480 1075 2543 magnasque
1102 2461 1242 2526 Deo
1271 2461 1622 2544 gratiarum
1645 2461 1929 2525 actiones
1948 2459 2187 2539 retulit,
2207 2461 2379 2544 quod
2408 2460 2480 2523 in
2509 2460 2631 2523 hac

350 2558 680 2643 provincia
702 2559 1094 2625 monachicae
1111 2559 1522 2645 professionis
1541 2562 1712 2625 viros
1732 2558 1814 2625 ad
1836 2559 2267 2624 habitandum
2289 2560 2631 2642 suscipere,

351 2665 419 2723 et
447 2659 569 2723 sub
599 2679 715 2723 suo
745 2660 1054 2744 regimine
1100 2660 1441 2724 meruisset
1482 2660 1737 2724 habere.
1824 2659 2030 2724 Dedit
2059 2680 2206 2744 ergo
2245 2659 2338 2724 eis
2369 2660 2631 2722 Monas-

352 2757 589 2820 terium
646 2758 822 2821 beati
882 2757 1072 2822 Pauli
1123 2758 1440 2842 Apostoli,
1492 2779 1531 2821 a
1591 2756 1944 2821 Benedicto
1998 2757 2326 2840 quondam
2373 2756 2630 2820 Abbate

354 2864 797 2920 constructum
853 2856 925 2921 in
984 2857 1300 2941 Gyruum,
1365 2857 1538 2940 quod
1613 2855 1941 2920 stantibus
2001 2856 2213 2919 adhuc
2272 2854 2428 2919 solis
2488 2855 2629 2919 sine

356 2954 640 3019 culmine
674 2955 1027 3039 parietibus
1068 2956 1182 3019 vix
1229 2955 1494 3038 aliquod
1534 2955 1821 3038 antiquae
1863 2953 2224 3019 nobilitatis
2269 2959 2633 3018 servaverat

354 3054 646 3138 signum3
689 3055 924 3137 quibus
969 3054 1227 3119 culmen
1274 3054 1354 3118 de
1393 3054 1590 3138 lignis
1641 3052 2024 3117 informibus
2076 3059 2143 3118 et
2186 3053 2361 3116 foeno
2412 3072 2630 3136 super-

355 3161 684 3237 ponenteS,
713 3153 949 3218 divinae
980 3153 1312 3218 servitutis
1356 3152 1565 3218 officia
1606 3152 1852 3217 ibidem
1899 3152 2217 3218 celebrare
2263 3160 2632 3236 coeperunt3

356 3255 652 3337 factaque
699 3254 821 3318 sub
867 3254 1028 3337 ipsis
1078 3253 1431 3337 parietibus
1483 3254 1719 3330 casula,
1772 3253 1885 3317 ubi
1937 3252 2288 3316 dormirent
2331 3259 2399 3318 et
2448 3273 2630 3315 man—

355 3352 682 3428 ducarent,
702 3352 1143 3436 religiosorum
1173 3352 1539 3417 elemosinis
1569 3373 1916 3437 pauperem
1935 3352 2140 3417 vitam
2169 3358 2628 3417 sustentarunt.

353 3452 459 3516 Ibi
502 3453 738 3536 pariter
780 3453 851 3515 in
894 3452 1122 3536 frigore
1163 3471 1237 3516 ac
1281 3452 1471 3529 fame,
1499 3458 1567 3516 et
1609 3473 1823 3517 rerum
1867 3452 2158 3515 omnium
2204 3451 2472 3535 penuria
2515 3472 2629 3534 pro

365 3549 623 3615 Christo
653 3550 1006 3615 residentes
1037 3550 1389 3634 degebant;
1476 3600 1490 3615 .
1582 3599 1595 3615 .

444 3649 613 3714 Cum
672 3656 891 3714 autem
942 3648 1227 3713 famulus
1270 3621 1513 3713 Christi
1562 3647 1907 3713 Aldwinus
1959 3648 2220 3726 ibidem,
2270 3649 2442 3713 sicut
2492 3650 2629 3761 jam

358 3747 606 3813 dictum
638 3757 754 3826 est,
783 3749 1194 3833 aliquatenus
1225 3747 1646 3825 fructicasset,
1678 3749 1757 3813 ad
1804 3747 1934 3812 alia
1977 3769 2233 3833 quoque
2276 3748 2417 3813 loca
2460 3749 2628 3832 cogi-

358 3850 524 3913 tavit
581 3849 872 3926 transire,
932 3856 1000 3913 et
1058 3847 1271 3913 simile
1330 3868 1492 3931 opus
1551 3848 1836 3912 Domino
1894 3848 2242 3932 adjuvante
2312 3849 2631 3931 perficere.

358 3947 565 4031 Igitur
633 3947 988 4012 constituto
1034 3946 1338 4011 fratribus
1391 3967 1585 4030 quem
1645 3949 2070 4012 communiter
2127 3947 2255 4031 ipsi
2312 3946 2633 4029 elegerant

360 4046 590 4123 Priore,
618 4046 1025 4129 proficiscens
1069 4046 1221 4110 inde
1249 4045 1514 4129 reliquit
1542 4046 1785 4110 ibidem
1815 4047 2058 4110 socium
2090 4065 2224 4110 suae
2269 4046 2631 4129 peregrina-

357 4144 572 4221 tionis,
602 4144 681 4208 de
711 4165 838 4227 quo
869 4145 1315 4228 supradictum
1345 4151 1462 4221 est,
1492 4144 1820 4222 Elfwium,
1851 4146 2065 4208 virum
2101 4144 2536 4228 simplicitatis
2568 4152 2632 4208 et

357 4241 742 4307 innocentiae
771 4245 1000 4309 merito
1031 4244 1532 4328 praedicandum,
1561 4244 1960 4309 orationibus
1991 4254 2057 4310 et
2085 4244 2368 4309 lacrimis
2391 4244 2635 4327 jugiter

356 4340 700 4406 intentum.
787 4342 1040 4407 Tertius
1092 4364 1243 4407 vero
1293 4342 1554 4407 illorum
1606 4343 1839 4421 socius,
1889 4343 2082 4410 videl.
2127 4343 2512 4419 Reinfridus,
2552 4342 2636 4404 ad

361 4439 847 4505 Streoneshalch
920 4441 1095 4526 quod
1171 4442 1459 4507 Hwitebi
1533 4443 1915 4527 appellatur,
1973 4442 2252 4520 secessit,
2326 4441 2440 4503 ubi
2524 4441 2634 4502 ad-

359 4539 692 4604 venientes
778 4543 1154 4626 suscipiens,
1227 4542 1687 4607 monachorum
1761 4542 2223 4606 habitationem
2298 4539 2637 4604 instituere
