3285 5121
779 596 1323 650 CARTULARIUM
1357 597 1766 649 ABBATHIAE
1796 597 1895 648 DE
1929 597 2302 650 WHITEBY.
2618 587 2694 646 15

424 762 587 827 dicti
630 762 896 826 termini
925 768 1150 826 contra
1179 782 1402 826 omnes
1437 761 1729 827 homines
1759 762 2338 838 warantizabimuS,
2369 762 2693 845 acquieta-
2719 771 2995 831 wamnty.

421 862 641 926 bimus
689 868 754 926 et
800 861 1237 927 defendemus,
1328 862 1413 925 In
1464 862 1650 946 cujus
1708 862 1803 926 rei
1852 861 2299 925 testimonium
2351 862 2466 925 uni
2523 863 2695 946 parti

421 959 621 1044 hujus
651 961 877 1045 scripti
906 960 1292 1044 cirografl'ati
1336 960 1623 1045 sigillum
1655 960 1944 1044 Capituli
1989 960 2198 1024 nostri
2241 961 2696 1044 apposuim1183

420 1059 624 1124 altera
653 1081 801 1125 vero
829 1080 977 1144 pars
1006 1060 1219 1145 sigillo
1249 1060 1409 1124 dicti
1438 1060 1698 1125 Ricardi
1727 1066 1825 1125 est
1855 1060 2286 1143 consingnata.

601 1248 697 1331 (2)
742 1247 822 1312 X.

514 1384 832 1449 Omnibus
864 1384 1107 1450 Christi
1138 1385 1437 1449 fidelibus
1468 1385 1550 1449 ad
1579 1406 1741 1468 quos
1771 1407 1863 1469 pr.
1895 1406 2010 1450 scr.
2042 1385 2421 1468 pervenerit,
2455 1386 2696 1469 Symon
2721 1444 2881 1492 orant
2900 1458 2963 1491 an
2964 1444 2999 1491 <1

420 1483 485 1547 le
506 1485 730 1548 Porter
749 1485 821 1548 in
830 1484 1143 1568 Whiteby
1167 1484 1444 1548 salutem
1465 1485 1536 1547 in
1557 1485 1858 1549 Domino.
1881 1484 2152 1549 Noverit
2170 1484 2468 1548 discretio
2485 1491 2697 1548 vestra
2721 1504 2971 1551 confirma-

423 1604 549 1660 me,
578 1584 913 1648 voluntate
943 1591 1010 1648 et
1054 1604 1373 1648 consensu
1417 1584 1736 1668 Angnetis
1779 1585 1999 1649 uxoris
2044 1604 2219 1660 meae,
2250 1584 2518 1660 dedisse,
2549 1605 2697 1648 con·
2722 1561 3025 1682 ξζζζᾷοξὲὴθ

425 1683 707 1760 cessisse,
725 1688 793 1747 et
813 1684 936 1746 hac
960 1683 1260 1766 praesenti
1282 1689 1457 1746 carta
1475 1684 1880 1747 confirmasse
1903 1683 2046 1747 Deo
2069 1689 2136 1747 et
2157 1683 2460 1748 Ecclesiae
2481 1684 2700 1748 Sancti
2725 1680 2906 1787 m&
2919 1694 3029 1786 gut

427 1783 605 1846 Petri
634 1789 700 1846 et
730 1783 981 1846 Sanctae
1027 1782 1268 1866 Hyldae
1312 1782 1391 1846 de
1421 1782 1754 1865 Whiteby,
1786 1789 1852 1847 et
1897 1782 2229 1847 monachis
2274 1783 2517 1847 ibidem
2560 1783 2701 1847 Deo
2727 1800 2780 1845 οι
2799 1798 2888 1857 4³„
2913 1813 3029 1859 pay-

426 1881 872 1958 servientibm,
913 1881 996 1945 ad
1040 1880 1554 1945 emendationem
1598 1880 1927 1959 librorum,
1957 1886 2236 1965 quatuor
2280 1881 2517 1945 solidos
2561 1881 2701 1946 red·
2727 1858 3032 1964 ξ’ζζθᾮζξθ

428 1980 623 2058 ditus,
651 2001 766 2065 per
807 2001 1039 2045 manus
1084 1980 1500 2045 Praecentoris
1545 1981 2101 2066 percipiendorum
2146 1981 2225 2046 de
2271 1981 2459 2047 domo
2503 1982 2703 2045 Alex·
2728 1976 3033 2095 {giglgffgg

426 2080 614 2143 andri
701 2080 1014 2155 Textoris,
1088 2080 1397 2163 proxima,
1471 2078 1794 2157 videlicet,
1868 2079 2091 2145 domui
2164 2080 2483 2145 Willelmi
2570 2081 2703 2145 filio
2729 2094 2926 2141 derived

428 2179 831 2258 Psstmnfflae3
875 2199 1070 2261 quam
1115 2179 1379 2261 quidem
1418 2177 1683 2242 dOmum
1714 2180 2055 2262 praedietus
2091 2179 2463 2244 Alexander
2492 2179 2572 2244 de
2600 2201 2703 2243 me
2729 2153 2960 2259 ξξζξθὼθ

426 2279 641 2342 tenuit
669 2298 782 2361 pro
812 2283 1088 2361 quatuor
1116 2277 1338 2341 solidis
1369 2277 1620 2341 annuis.
1707 2279 1843 2362 Ego
1873 2300 2022 2343 vero
2054 2279 2297 2363 Symon
2327 2285 2393 2343 et
2422 2278 2703 2343 haeredes
2729 2271 2943 2377 3222?-

427 2381 559 2444 mei
587 2381 835 2445 dictum
863 2380 1189 2444 redditum
1219 2380 1543 2464 praedictis
1572 2382 1904 2445 monachis
1949 2387 2017 2445 et
2059 2402 2282 2446 eorum
2326 2382 2701 2447 successori·
2728 2390 2844 2437 held
2865 2367 2924 2437 οῖ’
2935 2389 3020 2437 the

427 2482 551 2545 bus
595 2488 817 2545 contra
861 2501 1081 2545 omnes
1125 2480 1418 2544 homines
1464 2482 2020 2545 warantizabimus
2066 2487 2132 2546 et
2171 2481 2589 2546 defendemus
2630 2482 2702 2544 in
2728 2452 2940 2509 mutor.

426 2586 825 2666 perpetuum.
915 2582 1002 2644 Et
1052 2585 1130 2645 ut
1178 2579 1316 2644 haec
1361 2601 1503 2644 mea
1547 2580 1827 2659 donatio,
1872 2582 2197 2646 concessio
2250 2587 2316 2645 et
2366 2581 2700 2665 praesentis

428 2688 620 2745 cartae
663 2680 1060 2745 confirmatio
1104 2686 1433 2764 perpetuae
1476 2680 1801 2745 firmitatis
1844 2681 2039 2744 robur
2068 2681 2359 2764 optineat
2386 2682 2459 2744 in
2488 2688 2701 2763 poste-

427 2801 591 2856 rum,
634 2800 912 2864 praesens
957 2780 1268 2863 scriptum
1312 2778 1514 2862 sigilli
1555 2780 1687 2842 mei
1730 2779 2088 2843 munimine
2132 2780 2443 2843 roboravi.
2549 2779 2700 2843 Hiis

424 2880 719 2943 testibus.
806 2878 1138 2942 Willelmo
1169 2878 1249 2942 de
1282 2877 1632 2954 Lincolnia‚
1656 2883 1814 2941 tunc
1846 2877 2207 2942 Senescallo
2239 2876 2316 2940 de
2347 2877 2702 2961 Whiteby.¹

430 2978 723 3043 Galfrido
768 2979 1003 3054 Scotte,
1047 2982 1206 3041 tunc
1251 2976 1504 3041 Ballivo
1552 2978 1632 3042 de
1677 2977 2010 3060 Whiteby.
2099 2977 2377 3060 Hugone
2430 2977 2510 3040 de
2554 2978 2698 3041 Sar-

425 3078 614 3142 trino.
706 3078 997 3142 Galfrido
1043 3078 1281 3143 Penok.
1370 3077 1561 3141 Petro
1592 3077 1673 3142 de
1717 3077 2070 3141 Lincolnia.
2159 3076 2418 3141 Andrea
2463 3077 2698 3142 Scotte.

431 3177 675 3261 Rogero
707 3177 786 3241 de
817 3177 1081 3243 Celari0.
1172 3177 1416 3241 Thoma
1445 3176 1832 3256 Marscallo;
1878 3182 1943 3241 et
1974 3176 2135 3241 aliis,

505 3350 625 3415 XI.
668 3351 894 3414 Annas
924 3365 1193 3414 nnmsrr
1221 3365 1415 3413 mum
1445 3366 1704 3414 'ros-rma
1734 3367 1807 3414 m
1836 3351 2181 3416 Kmchrr
2210 3353 2514 3418 <IOHANNI
2545 3367 2629 3415 nn

1394 3450 1744 3515 Pom-mus,

519 3586 681 3650 Haec
733 3583 1124 3650 Indentura²
1173 3586 1344 3650 facta
1394 3586 1564 3651 inter
1614 3586 1973 3670 Religiosos
2020 3587 2211 3664 viros,
2256 3588 2577 3654 Abbatem
2633 3595 2701 3654 et

504 3709 525 3742 ¹
546 3710 693 3762 Win.
719 3710 788 3761 de
812 3711 1033 3762 Lincoln
1057 3727 1167 3763 was
1189 3711 1471 3763 Seueschal
1496 3711 1554 3762 of
1576 3711 1821 3777 Whitby,
1844 3728 1905 3762 or
1926 3712 2156 3764 Abbot’s
2180 3713 2477 3775 Seneschal,
2508 3713 2702 3781 during

427 3793 524 3846 the
570 3794 922 3859 incumbency
962 3794 1019 3845 oi
1063 3794 1252 3846 Abbot
1292 3794 1532 3846 william
1574 3795 1642 3845 de
1692 3794 1975 3856 Kirkhum
2020 3796 2144 3846 who
2185 3797 2474 3848 suceeeded
2515 3797 2702 3850 Abbot

428 3877 634 3929 Robert
668 3878 735 3930 de
772 3877 1027 3944 Langtoft
1063 3877 1163 3940 (ob.
1200 3878 1374 3940 1278),
1399 3877 1507 3928 and
1541 3877 1664 3929 died
1700 3878 1757 3929 in
1797 3880 1947 3931 1³04.
2022 3878 2261 3931 william
2297 3879 2364 3930 de
2400 3880 2620 3932 Lincoln
2654 3883 2703 3932 in

433 3961 493 4013 T.
518 3965 577 4012 to
600 3978 633 4011 a
656 3961 920 4013 Convenit
947 3960 1191 4012 between
1213 3960 1398 4012 Abbot
1422 3960 1661 4012 william
1697 3960 1804 4012 and
1827 3962 2067 4012 william
2099 3962 2395 4014 fitzRobert
2418 3963 2485 4015 de
2525 3964 2699 4027 Deles,

430 4043 592 4095 dated
622 4045 772 4096 1286.
847 4043 949 4094 His
985 4059 1139 4094 name
1175 4043 1221 4094 is
1256 4043 1560 4109 frequently
1584 4047 1699 4094 met
1720 4044 1855 4095 with
1888 4045 2122 4095 without
2155 4045 2250 4097 the
2283 4044 2705 4114 distinguishing

430 4126 555 4179 title
578 4126 636 4177 of
659 4126 1000 4188 Seneecallus,
1027 4126 1082 4176 in
1108 4130 1248 4177 most
1270 4125 1326 4177 of
1354 4125 1527 4177 which
1551 4140 1697 4176 cases
1720 4126 1815 4177 the
1839 4126 2155 4178 document·
2177 4127 2429 4178 antedate
2459 4129 2610 4181 1280.

503 4207 527 4243 ²
561 4210 692 4261 This
713 4210 848 4261 deed
869 4209 917 4260 is
940 4210 1035 4261 the
1056 4208 1206 4260 third
1229 4209 1335 4260 and
1357 4208 1479 4271 last,
1508 4208 1566 4259 in
1588 4208 1745 4276 point
1767 4209 1823 4260 of
1856 4209 2002 4273 time,
2028 4209 2085 4260 of
2118 4208 2287 4273 three,
2313 4214 2424 4260 two
2447 4211 2506 4261 of
2527 4210 2704 4263 which

429 4292 592 4346 stand
623 4291 870 4359 together
902 4292 961 4342 in
994 4292 1107 4344 this
1141 4292 1304 4359 place.
1376 4291 1488 4342 The
1524 4295 1658 4343 next
1692 4291 1739 4342 is
1773 4291 1868 4343 the
1902 4291 2021 4343 first
2053 4292 2112 4343 in
2148 4292 2316 4354 order,
2353 4292 2461 4342 and
2495 4293 2592 4344 No.
2638 4296 2703 4347 19

430 4376 640 4429 second.
726 4375 840 4426 The
875 4374 1052 4437 latter,
1090 4391 1148 4426 as
1184 4373 1307 4426 well
1343 4391 1403 4426 as
1444 4374 1538 4426 the
1573 4377 1789 4440 present
1822 4374 2047 4437 char-ter,
2085 4375 2133 4426 is
2167 4374 2345 4436 dated,
2383 4375 2491 4425 and
2524 4376 2704 4427 would

430 4460 487 4511 of
519 4474 702 4510 course
724 4458 791 4509 be
814 4456 1073 4509 executed
1094 4458 1276 4509 before
1298 4456 1425 4508 this.
1498 4457 1610 4508 The
1634 4460 1766 4508 next
1788 4456 1939 4518 deed,
1964 4474 2025 4508 or
2047 4457 2146 4510 No.
2180 4458 2261 4519 11,
2285 4473 2423 4522 may,
2454 4457 2560 4508 and
2584 4475 2701 4524 pro-

431 4540 594 4608 bably
620 4540 764 4604 does,
792 4541 1044 4592 antedate
1066 4540 1160 4592 the
1184 4541 1340 4592 other
1362 4544 1473 4592 two
1497 4539 1571 4607 by
1595 4539 1800 4591 several
1825 4554 1992 4604 years.
