3285 5121
706 582 828 638 240
1075 592 1619 644 CARTULARIUM
1655 592 2060 644 ABBATHIAE
2097 591 2195 642 DE
2232 590 2600 642 WHITEBY.

700 756 946 820 toribus
1006 746 1313 840 ejusdem,
1359 757 1475 841 qui
1524 778 1639 840 pro
1692 755 2087 840 temporibus
2146 756 2419 833 fuerant,
2470 765 2537 820 et
2595 776 2635 820 a
2692 762 2987 839 tempore

699 860 768 918 et
817 876 931 939 per
982 860 1238 939 tempus
1283 857 1468 938 cujus
1519 855 1822 920 contrarii
1865 855 2174 920 memoria
2217 875 2348 920 non
2401 855 2645 932 existit,
2694 862 2762 919 et
2817 876 2984 938 prae-

699 954 913 1020 dictus
964 962 1183 1019 tamen
1242 956 1553 1039 Magister
1611 955 1931 1019 Robertus
1981 954 2064 1019 de
2110 954 2286 1018 dicta
2343 954 2652 1038 pensione
2710 956 2985 1038 antiqua

699 1058 766 1118 et
812 1054 1059 1120 notorie
1110 1055 1326 1119 debita
1377 1055 1568 1118 dictis
1622 1054 1961 1137 Religiosis
2013 1054 2379 1119 satisfacere
2432 1074 2563 1118 non
2614 1060 2815 1130 curat,
2868 1054 2985 1119 sed

698 1173 814 1236 per
854 1161 1131 1236 quatuor
1173 1173 1375 1217 annos
1425 1151 1718 1235 proxime
1765 1152 2135 1237 praeteritos,
2177 1172 2292 1235 pro
2337 1153 2576 1236 quibus
2619 1160 2696 1216 ut
2747 1154 2986 1217 Rector

700 1253 915 1316 tenuit
958 1253 1107 1318 eccl.
1152 1253 1562 1330 antedictam,
1593 1252 1917 1317 recusavit
1964 1258 2030 1316 et
2074 1259 2326 1316 recusat
2376 1252 2639 1334 injuste,
2682 1273 2758 1316 ac
2802 1253 2984 1336 ipsos

704 1351 1057 1436 Religiosos
1117 1351 1294 1416 dicta
1336 1372 1453 1415 sua
1496 1351 1898 1435 possessione
1957 1350 2285 1434 spoliavit,
2339 1357 2581 1415 temere
2635 1351 2983 1435 spoliarive

702 1451 1051 1528 mandavit,
1082 1471 1197 1515 seu
1240 1451 1694 1535 spoliationem
1739 1450 2002 1515 nomine
2047 1470 2164 1513 suo
2209 1449 2447 1513 factam
2491 1457 2701 1515 ratam
2745 1450 2984 1516 habuit

701 1571 784 1615 ex
827 1560 976 1634 post
1017 1550 1188 1614 facto
1230 1551 1474 1633 pariter
1515 1557 1581 1615 et
1625 1555 1975 1633 acceptam,
2019 1549 2092 1612 in
2133 1549 2369 1612 animae
2420 1568 2554 1613 suae
2598 1549 2984 1633 periculum,

701 1655 769 1715 et
798 1650 947 1715 dict.
981 1649 1447 1734 Religiosorum
1477 1655 1543 1714 et
1570 1649 1806 1713 Mon'ii
1835 1649 1936 1712 sui
1976 1646 2454 1732 praejudicium¹
2486 1670 2620 1713 non
2648 1650 2981 1715 modicum

702 1754 768 1812 et
796 1770 1139 1832 gravamen
1159 1749 1475 1827 z—Quare
1505 1750 1673 1832 petit
1701 1748 1915 1812 dictus
1955 1755 2344 1830 procurator,
2373 1748 2636 1812 nomine
2679 1769 2983 1833 procura·

701 1848 859 1913 toris
889 1848 1201 1913 antedicti
1243 1848 1497 1931 probati
1537 1848 1612 1910 in
1654 1848 1777 1912 hoc
1821 1867 1973 1911 casu
2018 1847 2099 1911 de
2134 1847 2281 1930 jure
2310 1846 2659 1930 proband0,
2680 1848 2791 1931 jus
2834 1867 2981 1931 per-

701 1947 986 2031 cipiendi
1015 1947 1207 2029 praed.
1239 1967 1522 2010 annuam
1551 1947 1928 2029 pensionem
1972 1945 2261 2028 praefatis
2307 1945 2647 2030 Religiosis
2693 1952 2759 2011 et
2803 1947 2981 2012 dicto

701 2065 818 2110 6110
870 2047 1114 2111 Mon'io
1158 2050 1535 2128 competere,
1563 2064 1681 2127 per
1724 2065 1857 2119 vos,
1901 2044 2160 2108 domine
2212 2044 2259 2109 J
2262 2045 2454 2122 udex,
2498 2046 2869 2128 specialiter
2912 2054 2981 2111 et

700 2144 1044 2217 diffinitive
1066 2143 1092 2181 ²
1135 2143 1441 2208 declarari
1485 2148 1550 2207 et
1593 2143 2015 2226 pronuntiari,
2045 2164 2120 2207 ac
2164 2143 2337 2227 ipsos
2383 2152 2450 2209 et
2493 2144 2740 2209 dictum
2785 2167 2982 2211 suum

701 2242 1017 2307 Mon’ium
1047 2242 1130 2305 ad
1158 2242 1491 2325 praefatam
1521 2262 1706 2306 suam
1734 2241 2204 2324 possessionem
2232 2244 2507 2320 restitui,
2536 2252 2605 2308 et
2648 2265 2792 2308 eam
2833 2246 2985 2321 sibi,

703 2362 853 2405 cum
881 2362 958 2405 ea
985 2340 1355 2425 integritate
1384 2361 1514 2424 qua
1548 2341 1687 2425 (82)
1721 2342 2037 2417 convenit,
2067 2341 2403 2406 reformari
2446 2349 2512 2407 et
2555 2343 2984 2428 redintegrari

700 2446 769 2505 et
796 2440 951 2517 fieri,
981 2439 1335 2504 secundum
1367 2439 1748 2523 qualitatem
1772 2440 2246 2523 praemissorum
2275 2441 2347 2504 in
2391 2442 2690 2507 omnibus
2735 2450 2801 2506 et
2843 2444 2984 2507 sin-

698 2540 869 2626 gulis
913 2541 1185 2625 justitiae
1236 2539 1799 2626 complementum.
1900 2540 2061 2604 Haec
2105 2540 2284 2619 dicit,
2326 2541 2631 2626 proponit
2681 2549 2747 2608 et
2792 2544 2987 2627 petit,

702 2642 1099 2726 conjunctim
1152 2649 1218 2706 et
1271 2641 1548 2719 divisim,
1600 2647 1677 2704 ut
1724 2641 2031 2725 quatinus
2091 2640 2171 2705 de
2228 2642 2577 2725 praemissis
2635 2644 2981 2726 probatum

700 2742 915 2819 fuerit,
942 2762 1058 2806 seu
1086 2741 1430 2818 detectum,
1459 2746 1725 2804 eatenus
1756 2740 2039 2804 divisum
2084 2740 2198 2803 fiat
2241 2741 2307 2803 in
2355 2741 2630 2825 singulis
2674 2742 2848 2825 quod
2878 2749 2983 2807 est

694 2842 966 2925 justum,
995 2840 1363 2907 declarandi
1405 2846 1471 2905 et
1513 2840 1692 2905 omni
1736 2839 1865 2904 alio
1902 2839 2069 2923 juris
2112 2839 2423 2904 beneficio
2474 2861 2726 2924 semper
2777 2842 2981 2918 salvo,

698 2942 856 3006 licet
885 2941 967 3005 ad
997 2940 1275 3005 eundem
1304 2939 1592 3024 legitime
1623 2944 2000 3015 contestata,
2022 2938 2393 3020 juramento
2422 2959 2461 3003 a
2489 2940 2785 3022 partibus
2813 2941 2981 3024 ipsis

701 3039 854 3104 hinc
900 3040 1052 3104 inde
1092 3038 1378 3123 praestito
1410 3038 1490 3102 de
1520 3038 1893 3121 calumpnia
1922 3045 1989 3102 et
2018 3037 2097 3102 de
2126 3038 2397 3102 veritate
2428 3039 2718 3116 dicenda,
2748 3060 2982 3105 secun·

698 3138 856 3204 dum
886 3139 1090 3223 ipsius
1112 3158 1320 3203 causae
1343 3137 1722 3221 qualitatem
1747 3142 1812 3201 et
1841 3143 2156 3213 naturam,
2178 3138 2434 3202 traditis
2464 3139 2979 3223 possessionibus

700 3244 767 3302 et
796 3239 1033 3304 secutis
1062 3237 1603 3320 responsionibus,
1635 3235 1717 3299 ad
1748 3236 2001 3300 easdem
2033 3235 2362 3319 productis
2408 3238 2684 3302 testibus
2720 3240 2983 3322 juratis,

700 3337 1101 3414 examinatis
1144 3342 1211 3401 et
1254 3356 1474 3400 eorum
1517 3335 1710 3399 dictis
1754 3334 2120 3417 publicatis,
2158 3336 2455 3420 jurisque
2508 3337 2731 3402 ordine
2777 3360 2979 3423 quem

698 3437 821 3500 hoc
868 3456 1022 3501 casu
1070 3433 1396 3518 requiritis
1449 3434 1520 3497 in
1580 3433 1881 3498 omnibus
1935 3434 2285 3499 observato,
2379 3436 2547 3514 Quia
2604 3438 2977 3505 invenimus

699 3535 904 3599 dictos
951 3533 1306 3618 Religiosos
1356 3532 1785 3598 intentionem
1834 3553 2035 3609 suam,
2083 3553 2297 3597 coram
2356 3536 2543 3600 nobis
2601 3536 2673 3600 in
2725 3538 2978 3620 judicio

697 3634 1057 3710 deductam,
1097 3639 1233 3696 tam
1283 3652 1399 3715 per
1435 3632 1901 3697 confessionem
1954 3632 2144 3697 dictae
2193 3634 2396 3716 partis
2449 3655 2573 3700 reae
2619 3657 2815 3720 quam
2860 3659 2979 3722 per

696 3732 1084 3818 prolationes
1114 3752 1328 3795 coram
1373 3731 1557 3795 nobis
1596 3732 1993 3815 judicialiter
2035 3732 2354 3810 inductas,
2385 3735 2788 3801 sufficientur
2829 3759 2981 3822 pro·

697 3833 969 3910 bavisse‚
1020 3832 1128 3915 jus
1187 3830 1587 3915 percipiendi
1647 3833 1840 3916 praed.
1898 3834 2275 3916 pensionem
2335 3854 2618 3898 annuam
2689 3838 2979 3920 praefatis

700 3931 1037 4017 Religiosis
1068 3937 1135 3996 et
1183 3930 1357 3996 dicto
1401 3952 1518 3995 suo
1564 3931 1809 3995 Mon'io
1839 3939 2197 4016 competere
2225 3934 2721 4014 pronuntiamus
2753 3942 2820 4000 et
2863 3937 2975 4002 de-

700 4034 1035 4110 claramus,
1086 4032 1387 4115 ipsosque
1441 4036 1506 4094 et
1558 4030 1807 4096 dictum
1867 4051 2057 4095 suum
2118 4031 2438 4095 Mon’ium
2497 4033 2581 4098 ad
2639 4036 2978 4118 praefatam

699 4155 884 4199 suam
912 4131 1378 4216 possessionem
1421 4130 1842 4208 restituimus,
1874 4137 1940 4195 et
1983 4151 2123 4195 eam
2169 4132 2261 4195 eis
2306 4151 2451 4196 cum
2500 4153 2578 4197 ea
2605 4133 2977 4218 integritate

698 4255 828 4319 qua
873 4231 1177 4297 convenit
1232 4231 1649 4295 reformamus
1710 4235 1776 4294 et
1834 4230 2338 4313 redintegramus
2390 4232 2862 4297 sententialiter
2906 4244 2982 4300 et

700 4333 1043 4397 diffinitive
1071 4333 1143 4396 in
1170 4330 1298 4395 hiis
1342 4329 1617 4413 scriptiS,
1649 4337 1713 4393 et
1759 4330 2000 4394 dictam
2043 4335 2291 4413 partem
2333 4351 2510 4395 ream
2554 4331 2624 4394 in
2655 4333 2977 4415 expensis,

702 4433 1012 4517 quatinus
1057 4432 1136 4495 de
1172 4432 1316 4515 jure
1347 4431 1565 4495 venire
1610 4429 1903 4507 debeant,
1934 4431 2281 4496 taxandam
2327 4438 2393 4494 et
2431 4431 2777 4513 jurandam
2821 4453 2973 4497 con-

912 4544 928 4577 ¹
968 4563 1129 4605 amem,
1159 4543 1474 4605 redundant,
1502 4545 1744 4599 omitted.
2408 4541 2430 4574 ²
2470 4544 2755 4610 diffluum-e.
