3285 5121
799 609 1341 663 CARTULARmM
1378 610 1790 663 ABBATmAE
1826 610 1925 662 DE
1958 610 2330 663 WHITEBY.
2626 600 2703 659 13

424 786 676 870 magnis
715 786 1019 851 maneriis
1065 786 1201 851 suis
1247 787 1463 870 questi
1503 787 1769 851 fuerunt
1811 786 1987 870 quod
2031 787 2471 852 commodum²
2515 809 2706 852 suum

424 888 634 951 facere
663 907 795 950 non
826 892 1180 969 potuerunt
1207 887 1289 951 de
1331 886 1588 951 residuo
1631 886 2064 951 maneriorum
2108 906 2387 964 suorum,
2416 887 2586 952 sicut
2628 887 2710 952 de

426 985 665 1063 wastis,
707 985 936 1063 boscis,
981 991 1047 1050 et
1090 985 1371 1069 pasturis
1416 984 1497 1049 de
1542 984 1747 1050 sicut²
1789 986 1918 1069 ipsi
1962 984 2242 1050 feoffati⁸
2284 985 2709 1050 sufficientem

428 1084 663 1149 habere
693 1089 958 1168 possent
986 1082 1363 1169 pasturam,⁴
1386 1091 1708 1167 quantum
1738 1085 2022 1169 pertinet
2051 1085 2134 1149 ad
2165 1090 2537 1149 tenementa
2556 1106 2708 1164 sua;

431 1184 526 1247 ita
553 1183 886 1267 provisum
916 1189 1015 1247 est
1060 1191 1125 1247 et
1170 1203 1543 1248 concessum
1573 1183 1764 1266 quod,
1798 1205 1946 1249 cum
1997 1183 2378 1268 hujusmodi
2428 1182 2711 1249 feoffati⁶

432 1304 474 1348 a
501 1281 1029 1366 quibuscunque⁶
1057 1283 1326 1346 assisam
1355 1302 1539 1346 novae
1570 1282 1926 1347 disseisinae
1946 1283 2237 1348 deferant
2267 1282 2346 1349 de
2370 1303 2713 1347 communa

430 1387 710 1466 pasturae
736 1381 922 1466 [suae]
940 1381 998 1445 si
1016 1401 1226 1445 coram
1238 1381 1615 1465 justiciariis
1639 1380 2078 1465 cognoverint⁷
2098 1381 2271 1465 quod
2288 1381 2712 1446 sufficientem

433 1486 763 1565 pasturam
812 1479 1157 1545 habuerint
1201 1486 1519 1564 quantum
1578 1481 1859 1564 pertinet
1909 1480 1993 1545 ad
2039 1486 2407 1546 tenementa
2459 1502 2593 1558 sua,
2645 1487 2712 1545 et

434 1580 669 1666 [quod]
687 1580 966 1645 habeant
980 1580 1342 1664 ingressum
1350 1586 1418 1643 et
1440 1600 1769 1663 egressum
1791 1580 1899 1664 [de
1916 1580 2331 1664 tenementis]
2353 1580 2489 1644 suis
2507 1600 2713 1663 usque

435 1680 522 1744 ad
569 1686 901 1764 pasturam
951 1699 1153 1756 suam,
1183 1686 1340 1743 tunc
1391 1679 1544 1743 inde
1598 1680 1732 1743 sint
1776 1679 2084 1756 contenti,
2115 1685 2181 1743 et
2223 1679 2323 1742 illi
2367 1678 2447 1744 de
2475 1680 2712 1763 quibus

439 1779 832 1864 [coanuesti
891 1776 1167 1842 fuerint⁸
1211 1778 1417 1861 quieti
1470 1779 1773 1843 recedant
1825 1778 1905 1843 de
1954 1776 2113 1843 hoc⁹
2157 1778 2331 1861 quod
2373 1779 2454 1843 de
2505 1778 2712 1854 terris,

437 1878 675 1955 wastis,
733 1878 960 1955 boscis,
1020 1882 1087 1941 et
1143 1878 1425 1961 pasturis
1485 1877 1894 1942 commodum
1904 1876 1955 1917 ¹⁰
2009 1899 2201 1943 suum
2252 1877 2534 1943 fecerint.
2642 1878 2714 1942 Si

438 1983 657 2042 autem
687 1976 968 2040 dixerint
1017 1976 1191 2060 quod
1235 1975 1660 2041 sufficientem
1704 1985 2033 2061 pasturam
2061 1998 2192 2041 non
2220 1976 2580 2054 habuerint,
2607 1976 2715 2042 vel

439 2075 865 2141 sufficientem
893 2075 1252 2159 ingressum
1284 2081 1350 2139 et
1379 2095 1726 2159 egressum,
1756 2082 2073 2160 quantum
2102 2078 2382 2161 pertinet
2411 2077 2492 2143 ad
2535 2083 2712 2141 tene-

439 2179 661 2239 menta
688 2194 809 2238 sua
835 2178 994 2238 tunc
1033 2173 1398 2256 inquiratur
1441 2174 1681 2238 veritas
1733 2173 1944 2240 indeu
1987 2195 2104 2258 per
2145 2176 2429 2240 assisam.
2517 2175 2605 2239 Et
2656 2175 2713 2238 si

438 2295 555 2359 per
582 2273 849 2338 assisam
877 2273 1275 2356 recognitum
1320 2272 1515 2337 fuerit
1559 2273 1734 2356 quod
1777 2295 1891 2358 per
1934 2274 2191 2339 eosdem
2235 2275 2305 2338 in
2337 2274 2462 2360 (rb)
2496 2274 2712 2358 aliquo

440 2373 636 2438 fuerit
678 2371 1029 2456 impeditus
1074 2391 1294 2435 eorum
1346 2392 1634 2456 egressus
1680 2373 1784 2437 vel
1831 2374 2172 2457 ingressus,
2217 2374 2324 2439 vel
2367 2372 2542 2458 quod
2584 2393 2713 2437 non

441 2474 722 2537 habeant
759 2469 1183 2535 sufficientem
1233 2478 1567 2554 pasturam
1626 2478 1692 2536 et
1749 2472 2173 2537 sufficientem
2231 2473 2589 2557 ingressum
2647 2477 2715 2536 et

441 2592 766 2656 egressum
815 2570 985 2634 sicut
1029 2569 1405 2653 pmdictum
1456 2577 1574 2648 est,
1602 2576 1762 2636 tunc
1792 2577 2168 2655 recuperent
2196 2573 2499 2637 saisinam
2529 2593 2712 2638 suam

438 2692 556 2756 per
609 2670 825 2735 visum
878 2670 1281 2754 juratorum3
1346 2671 1440 2734 ita
1491 2670 1667 2753 quod
1726 2691 1840 2754 per
1891 2670 2340 2734 discretionem
2391 2680 2457 2735 et
2507 2691 2711 2736 sacra-

440 2777 733 2835 mentum
771 2771 1133 2855 juratorum
1144 2768 1196 2808 ¹²
1246 2770 1528 2835 habeant
1579 2775 2043 2852 conquerentes
2094 2769 2518 2834 sufficientem
2566 2791 2714 2854 pas-

440 2877 673 2947 tui-arn,
715 2876 780 2935 et
824 2869 1185 2953 ingressum
1229 2875 1296 2934 et
1339 2889 1665 2954 egressum
1710 2869 2151 2946 sufficientem,
2195 2869 2266 2931 in
2309 2868 2513 2932 forma
2552 2890 2715 2953 prae·

442 2971 652 3049 dicta;
712 2976 779 3034 et
821 2970 1285 3034 dissaisiatores
1331 2969 1521 3054 [sint]
1566 2970 1637 3032 in
1682 2967 2114 3033 misericordia
2160 2967 2341 3053 [D'ni
2383 2967 2604 3052 Regis]
2649 2974 2717 3032 et

444 3069 723 3152 dampna
740 3067 1013 3133 reddant
1036 3068 1205 3132 sicut
1223 3069 1435 3133 solent
1443 3067 1494 3109 ¹⁸
1513 3074 1663 3132 ante
1683 3067 2115 3151 provisionem
2134 3067 2344 3131 istam.
2407 3067 2477 3132 Si
2496 3074 2714 3132 autem

444 3168 842 3252 recognitum
899 3167 1094 3231 fuerit
1151 3187 1267 3251 per
1325 3167 1595 3232 assisam
1655 3166 1828 3250 quod
1873 3172 2333 3249 conquerentes
2341 3165 2393 3206 ¹⁴
2434 3165 2715 3231 habeant

444 3266 866 3330 sufficientem
923 3271 1271 3350 pasturam,
1319 3286 1471 3330 cum
1518 3265 1722 3330 libero
1776 3266 2066 3349 ingressu
2118 3270 2182 3329 et
2236 3284 2488 3348 egressu
2547 3265 2717 3330 sicut

443 3365 823 3449 praedictum
867 3373 984 3442 est,
1026 3371 1184 3428 tunc
1230 3363 1408 3430 licite
1452 3365 1695 3429 faciant
1740 3364 1856 3429 alii
1895 3363 2358 3448 com[m]odum
2400 3384 2593 3428 suum
2639 3365 2717 3429 de

445 3464 718 3541 residu0‚
747 3470 813 3528 et
842 3463 1142 3528 recedant
1171 3462 1251 3528 de
1295 3463 1498 3528 assisa
1540 3463 1658 3528 illa
1699 3463 1924 3547 quieti,
1953 3470 2020 3527 et
2073 3469 2536 3547 conquerentes
2584 3464 2720 3527 sint

447 3563 518 3625 in
546 3561 1049 3628 misericordia.1⁵

518 3674 538 3707 ¹
574 3675 893 3740 quomodum.
1226 3671 1248 3706 ²
1291 3680 1326 3705 “
1344 3692 1512 3742 quum
1523 3673 1553 3698 ”
1578 3676 1634 3726 in
1660 3675 1756 3727 the
1781 3675 1916 3727 Stat.
2269 3672 2292 3707 ³
2313 3675 2573 3740 scophati.

517 3755 539 3790 ⁴
579 3761 614 3786 “
632 3756 862 3808 habeant
886 3756 1235 3808 sufficientem
1260 3762 1532 3824 pasturam
1545 3758 1575 3782 ”
1600 3758 1655 3808 in
1683 3758 1818 3810 Stat.

518 3836 542 3871 ⁶
561 3839 817 3902 scophati.
891 3839 1003 3890 The
1032 3839 1206 3890 clause
1225 3840 1283 3890 in
1305 3840 1399 3892 the
1423 3841 1558 3892 Stat.
1587 3840 1634 3891 is
1661 3844 1695 3870 ‘⁴
1710 3841 2012 3907 quicunque
2036 3839 2347 3905 hujusmodi
2372 3840 2623 3891 feofl'ati.”

517 3919 543 3955 ⁸
578 3921 817 3974 Omitted
841 3923 894 3973 in
920 3923 1015 3973 the
1040 3923 1270 3974 Statute.

519 4002 541 4038 ⁷
577 4005 719 4056 Here
743 4005 839 4058 the
864 4006 1074 4056 version
1093 4005 1139 4056 is
1162 4022 1305 4056 more
1328 4005 1440 4056 like
1464 4006 1588 4057 that
1611 4005 1670 4056 in
1695 4005 1942 4069 Bracton,
1969 4004 2060 4056 lib.
2089 4005 2158 4057 iv.
2187 4022 2230 4056 c.
2261 4007 2328 4057 38
2349 4005 2441 4057 fol.
2470 4006 2596 4068 227,
2622 4005 2726 4057 but

448 4087 675 4155 varying
698 4089 833 4139 from
858 4088 904 4138 it
927 4088 983 4138 in
1008 4104 1170 4153 many
1198 4087 1372 4138 minor
1395 4088 1714 4154 particulata
1739 4088 1796 4138 of
1819 4087 2181 4154 phraseology.
2260 4087 2325 4137 In
2349 4088 2442 4138 the
2467 4088 2603 4139 Stat.
2630 4088 2726 4139 the

449 4186 667 4237 passage
691 4187 836 4233 runs,
866 4176 899 4199 “
918 4176 974 4222 et
1000 4187 1176 4222 coram
1213 4171 1444 4236 justiciis
1468 4171 1800 4238 recognitum
1832 4171 1998 4222 fuerit
2033 4170 2178 4236 quod
2201 4174 2409 4222 tantam
2453 4176 2727 4237 pasturam

450 4254 685 4305 habeant
710 4258 971 4321 quantum
996 4254 1191 4306 sufficit
1215 4253 1285 4305 ad
1309 4258 1618 4306 tenementa
1637 4254 1784 4306 sua.”

524 4335 547 4370 ⁸
566 4338 805 4402 juerant.
1198 4334 1222 4370 ο
1263 4342 1295 4366 u
1311 4338 1378 4388 de
1403 4354 1466 4390 eo
1483 4338 1514 4363 ’'
1539 4338 1592 4389 in
1620 4338 1755 4390 Stat.
2178 4332 2223 4368 ¹⁰
2258 4336 2581 4402 quomodum.

522 4418 565 4453 ¹¹
603 4420 845 4471 Omitted
869 4419 926 4470 in
952 4420 1089 4472 Stat.

522 4500 568 4536 ¹²
606 4507 639 4532 ‘⁸
660 4502 890 4554 eorum”
918 4503 974 4553 in
998 4502 1132 4554 Stat.
1790 4500 1835 4535 ¹³
1874 4508 1904 4530 “
1926 4501 2070 4552 reddi
2098 4501 2296 4551 debent
2312 4497 2344 4523 ”
2369 4500 2422 4549 iu
2448 4499 2581 4551 Stat.

521 4584 565 4619 ¹⁴
606 4590 637 4615 ‘⁴
656 4590 943 4652 querentes
961 4585 992 4610 ”
1018 4586 1074 4636 in
1105 4585 1242 4638 Stat.

525 4668 569 4704 ¹⁶
603 4670 716 4722 The
738 4669 847 4721 last
869 4669 1045 4721 clause
1069 4668 1117 4721 is
1141 4673 1237 4721 not
1263 4667 1500 4721 insmd
1526 4666 1581 4717 in
1606 4666 1702 4718 the
1726 4667 1861 4718 Stat.
