3285 5121
722 633 1263 687 CARTULARIUM
1296 634 1702 687 ABBATHIAE
1738 636 1837 688 DE
1871 637 2244 692 WHITEBY.
2501 631 2620 691 179

353 818 522 861 mon.
570 798 724 863 ibid.
784 799 926 863 Deo
978 819 1156 877 serv„
1206 800 1278 861 in
1333 819 1510 884 perp.
1571 800 1773 878 elem,
1823 801 1984 866 duae
2043 803 2308 869 bovatas
2367 807 2501 871 t’rae
2552 808 2623 871 in

347 896 702 977 Livertun‚¹
747 898 839 962 ita
882 899 1167 982 plenarie
1197 919 1312 983 per
1338 907 1551 964 totum
1579 900 1748 965 sicut
1790 901 2084 967 homines
2114 904 2242 968 mei
2271 904 2527 983 habent,
2557 913 2625 971 et

348 996 590 1060 toftum
648 1018 855 1062 unum
911 998 1025 1063 xii.
1075 998 1464 1081 perticarum
1530 1001 1600 1063 in
1660 1000 2027 1078 latitudine,
2085 1007 2152 1067 et
2216 1002 2623 1088 longitudine

350 1104 670 1178 quantum
721 1098 885 1162 tofta
928 1098 1199 1162 aliorum
1244 1098 1600 1177 hominum,
1630 1105 1697 1164 et
1727 1120 2134 1166 communem
2177 1112 2508 1188 pasturam
2552 1107 2621 1168 in

347 1196 680 1260 communi
723 1198 914 1262 bosco
943 1204 1009 1262 et
1050 1198 1262 1283 plano,
1285 1199 1381 1262 ita
1422 1204 1642 1263 tamen
1689 1199 1864 1283 quod
1906 1201 2239 1266 nimietate
2285 1204 2575 1287 pecuniae
2596 1203 2622 1241 ⁹·

350 1313 483 1358 suae
511 1316 630 1360 nec
658 1302 926 1389 gravent
942 1298 968 1337 ⁸
995 1318 1099 1363 me
1128 1319 1248 1362 nec
1276 1298 1574 1363 homines
1604 1319 1797 1365 meos,
1884 1300 1968 1363 In
1999 1301 2189 1365 bosco
2219 1308 2437 1366 autem
2460 1324 2621 1381 meo,

345 1394 461 1478 qui
490 1402 591 1460 est
617 1396 688 1459 in
711 1395 989 1474 defensa,
1011 1418 1141 1462 non
1159 1398 1478 1483 accipient
1500 1398 1904 1463 mairemium
1935 1400 2040 1463 vel
2068 1402 2464 1485 pannagium
2494 1405 2623 1468 nisi

344 1513 460 1577 per
487 1515 607 1561 me.
677 1496 846 1561 Istae
875 1497 1094 1582 itaque
1124 1498 1283 1563 duae
1314 1499 1578 1563 bovatae
1606 1500 1759 1577 t’rae,
1778 1498 1947 1564 sicut
1975 1501 2266 1583 praedixi,
2288 1509 2354 1566 et
2382 1504 2621 1568 toftum

348 1599 416 1658 et
458 1614 865 1660 communem
906 1617 1022 1681 per
1065 1598 1282 1662 omnia
1323 1604 1656 1682 pasturam
1700 1599 1977 1664 concedo
2023 1600 2115 1664 eis
2159 1600 2239 1665 de
2280 1623 2386 1667 me
2431 1610 2498 1667 et
2540 1603 2620 1669 de

347 1694 509 1757 meis
539 1693 686 1760 haer.
717 1694 968 1773 liberae,
989 1696 1226 1762 solidae
1270 1702 1337 1761 et
1380 1697 1632 1780 quietas
1678 1698 1760 1762 ab
1804 1698 1983 1762 omni
2028 1699 2309 1777 serviti0,
2339 1709 2620 1768 consuet.

345 1797 413 1856 et
459 1794 808 1871 exactione,
853 1803 921 1860 et
940 1797 968 1835 ⁴
1009 1796 1090 1861 de
1132 1795 1473 1881 danegelt‚⁶
1516 1818 1632 1881 pro
1677 1817 1730 1861 a.
1777 1818 1920 1862 mea
1964 1805 2033 1863 et
2075 1800 2369 1883 conjugis
2420 1801 2623 1879 meae,‘3

345 1900 687 1977 parentum
711 1902 778 1959 et
805 1895 953 1960 haer.
983 1916 1285 1962 meorum.
1375 1897 1601 1976 Teste3
1642 1896 1853 1962 Alano
1883 1897 1963 1962 de
1992 1897 2357 1965 Munceus,''
2445 1900 2620 1964 Ran-

347 1991 547 2070 dulfo,
570 1994 929 2060 Presbitero
951 1994 979 2034 ⁸
1007 1995 1087 2060 de
1106 1995 1400 2081 Finglin'.
1490 1996 1820 2062 Willelmo
1849 1996 1930 2062 de
1960 1997 2252 2064 Karenti.
2340 2000 2620 2064 Roberto

346 2092 429 2156 de
485 2093 838 2259 Ayoeffi
944 2095 1277 2160 Willelmo
1336 2096 1416 2161 de
1479 2096 1911 2182 Houkasgart‚
1971 2102 2037 2162 et
2097 2098 2365 2183 Rogero,
2424 2098 2619 2164 fratre

347 2192 525 2276 ejus;
569 2199 635 2258 et
734 2194 772 2207 ‘⁶
812 2245 825 2260 .

595 2394 854 2459 CCXX.
900 2395 1008 2458 DE
1038 2410 1326 2461 cArELLA
1355 2414 1441 2461 m:
1471 2397 1955 2464 Homscffln.
2047 2399 2170 2483 [M.
2210 2397 2369 2483 70¹²]

432 2530 680 2597 Notum
712 2532 797 2597 eit
825 2533 1123 2599 omnibus
1146 2534 1274 2600 vid.
1296 2534 1401 2599 vel
1425 2534 1838 2600 audientibus
1861 2536 1978 2601 has
2009 2536 2261 2600 litteras
2291 2536 2465 2620 quod
2485 2556 2621 2620 ege,

345 2631 739 2696 Aschetinus
769 2632 849 2696 de
894 2633 1353 2718 Houkaegart?
1391 2635 1743 2718 impetravi
1789 2656 1829 2699 a
1859 2634 2140 2699 dominis
2177 2636 2339 2700 meis
2380 2634 2618 2721 B[ene·

415 2778 437 2813 ¹
471 2781 547 2833 M.
576 2781 875 2832 Livertona.
950 2781 1048 2834 See
1070 2782 1199 2835 Noa.
1226 2783 1313 2844 80,
1344 2780 1429 2844 97,
1456 2786 1557 2834 etc.

415 2860 439 2895 ²
473 2863 548 2916 M.
575 2864 1344 2931 mdssbothreadpconmiu
1381 2865 1889 2933 takenneceeaarily
1916 2866 2090 2918 inthe
2126 2883 2278 2919 aenae
2313 2867 2371 2918 of
2398 2870 2618 2933 pecoris,

342 2945 521 2999 cattle.

413 3027 438 3064 ⁸
471 3030 546 3083 M.
571 3030 765 3083 ineerta
787 3032 928 3083 ultra·
951 3032 1160 3084 modum
1181 3031 1322 3084 here.
1486 3028 1509 3063 ⁴
1545 3030 1789 3083 Another
1813 3039 1858 3083 et
1882 3032 2115 3084 inserted
2140 3033 2196 3083 in
2222 3034 2288 3084 A.

413 3110 437 3147 ὅ
472 3114 549 3166 Μ.
575 3114 848 3182 danegeld.
1490 3111 1514 3147 ⁰
1549 3115 1623 3169 M.
1652 3115 1846 3166 ineerta
1872 3122 1918 3166 ει
1940 3115 2122 3166 before
2141 3124 2433 3181 pareutum.

415 3193 437 3229 ⁷
474 3197 548 3248 M.
575 3198 878 3250 Munceaua.
1488 3193 1511 3229 ⁸
1545 3197 1621 3249 M.
1651 3197 1799 3265 givea
1825 3198 2050 3265 nothing
2072 3199 2286 3265 beyond
2309 3201 2419 3252 thia
2442 3216 2613 3252 name.

414 3277 438 3312 ⁹
473 3280 546 3332 M.
588 3280 951 3348 Houkeagard.
1025 3281 1139 3333 The
1163 3280 1359 3332 author
1382 3280 1439 3331 of
1473 3279 1584 3332 thie
1618 3280 1768 3343 deed,
1801 3280 1978 3332 whose
2012 3298 2169 3333 name
2195 3298 2414 3349 appears
2448 3283 2619 3334 under

343 3362 439 3414 the
461 3363 686 3431 varying
708 3364 872 3415 forma
896 3364 1197 3426 Aacatinua,
1230 3363 1575 3427 Aachetinua,
1602 3364 1977 3428 Aacheutinua,
2004 3365 2243 3428 Antiana,
2272 3366 2616 3430 Aachetillua,

341 3446 585 3510 Astillua,
612 3451 729 3509 etc„
755 3447 802 3499 ia
822 3447 917 3499 the
942 3448 1170 3499 founder
1191 3447 1248 3500 of
1271 3447 1364 3499 the
1389 3450 1487 3498 not
1511 3447 1880 3514 unimportant
1912 3447 2048 3499 local
2071 3449 2258 3514 family
2280 3449 2348 3502 de
2372 3450 2614 3503 Haukee·

342 3530 518 3597 garth.
593 3531 659 3581 In
682 3531 782 3582 No.
810 3533 917 3583 263
939 3531 1009 3582 he
1042 3532 1139 3582 han
1162 3535 1338 3599 grant,
1363 3530 1575 3596 subject
1599 3535 1658 3583 ιο
1682 3532 1885 3582 certain
1920 3532 2236 3594 conditione,
2262 3533 2401 3586 from
2428 3534 2615 3585 Abbot

341 3612 582 3663 william
604 3612 672 3663 de
694 3614 879 3679 Percy‚
898 3614 954 3665 of
977 3614 1361 3682 Hankeagarth
1385 3615 1491 3666 and
1508 3614 1841 3680 Normanby,
1873 3620 1907 3644 ‘⁶
1921 3615 1978 3666 in
2000 3615 2164 3667 feudo
2181 3621 2237 3668 et
2256 3617 2616 3680 haereditate‚”

343 3697 404 3746 in
438 3695 706 3762 exchange
740 3696 825 3748 for
858 3696 1130 3760 Newhm
1156 3698 1262 3750 and
1298 3715 1356 3749 aa
1393 3698 1462 3749 he
1497 3697 1544 3749 ia
1577 3698 1854 3750 described
1890 3715 1949 3750 aa
1986 3699 2184 3751 “filius
2221 3701 2531 3765 willelmi,''
2567 3704 2614 3753 it

343 3794 454 3829 was
480 3794 617 3843 open
638 3782 698 3828 to
721 3779 999 3844 inference,
1024 3781 1068 3831 if
1090 3782 1245 3833 other
1265 3797 1447 3833 meana
1472 3782 1529 3833 of
1550 3780 1905 3833 information
1922 3781 2030 3833 had
2054 3783 2188 3835 been
2213 3784 2468 3851 wanting,
2492 3785 2615 3837 that

344 3862 430 3913 hia
455 3861 635 3912 father
656 3879 767 3914 was
790 3863 1026 3915 william
1049 3865 1118 3917 de
1140 3865 1415 3917 Newham.
1493 3865 1557 3915 In
1581 3864 1683 3917 No.
1709 3867 1835 3928 405,
1864 3864 2132 3930 however,
2158 3866 2252 3918 the
2277 3868 2542 3919 inierence
2566 3868 2612 3919 ia

341 3945 545 4012 proved
568 3949 626 3996 to
659 3945 727 3996 be
751 3946 980 4013 entirely
1003 3952 1223 4010 correct,
1251 3948 1526 3999 inaemuch
1550 3963 1609 3998 aa
1645 3964 1841 4015 among
1875 3948 1972 4000 the
1996 3950 2272 4002 witneeaea
2308 3954 2367 4002 to
2391 3951 2492 4002 No.
2521 3953 2605 4012 28,

340 4028 619 4097 according
653 4032 714 4081 ιο
749 4030 844 4081 the
878 4030 1217 4098 Inspeximua
1250 4046 1387 4097 copy
1411 4031 1469 4080 in
1505 4030 1599 4081 the
1621 4030 1758 4082 deed
1793 4031 2003 4093 named,
2041 4048 2130 4083 are
2167 4032 2522 4084 “willelmus
2545 4034 2612 4084 de

339 4111 392 4162 N
393 4111 599 4163 ewham
635 4117 692 4164 et
724 4113 868 4164 filiun
892 4115 1012 4178 eiua
1048 4114 1377 4166 Aachetinua
1411 4113 1480 4165 de
1504 4114 1937 4181 Houkeagarth.”
2009 4115 2077 4166 In
2100 4115 2195 4166 the
2228 4119 2444 4181 present
2478 4115 2614 4167 deed

336 4194 406 4245 he
430 4194 640 4247 obtaina
663 4196 863 4248 licenee
884 4196 1025 4247 from
1058 4197 1155 4248 the
1176 4196 1639 4264 Abbot—though
1673 4201 1771 4248 not
1792 4198 1931 4249 from
1958 4197 2072 4248 him
2095 4197 2218 4248 who
2253 4196 2614 4264 immediately

338 4278 626 4330 auceeeded
649 4279 837 4331 Abbot
861 4279 1228 4331 william—to
1254 4279 1402 4331 build
1428 4297 1461 4330 a
1495 4280 1682 4346 chapel
1708 4285 1765 4331 at
1789 4280 2183 4347 Haukeegarth,
2211 4280 2317 4331 and
2341 4284 2399 4332 ιο
2422 4281 2611 4332 endow

337 4359 398 4414 it.
473 4361 536 4411 In
573 4361 676 4414 No.
706 4364 828 4424 240,
858 4378 1051 4430 among
1083 4362 1177 4413 the
1201 4362 1479 4414 witneaaea
1504 4379 1595 4414 are
1630 4367 1668 4392 ‘⁴
1687 4362 1917 4414 Antinua
1941 4363 2009 4414 de
2045 4362 2390 4429 Houkeagart
2426 4367 2482 4414 et
2504 4364 2612 4416 duo

338 4441 434 4493 filii
468 4442 632 4510 ejual'
704 4446 761 4496 It
796 4445 843 4496 ia
866 4449 964 4496 not
998 4445 1138 4496 clear
1160 4445 1206 4496 if
1238 4445 1351 4497 thie
1374 4462 1558 4496 meana
1593 4449 1706 4496 two
1731 4445 1788 4496 of
1823 4446 1907 4497 hia
1932 4462 2070 4507 aona,
2098 4461 2159 4496 or
2192 4445 2278 4496 hia
2302 4448 2413 4497 two
2450 4463 2574 4498 aona
2598 4467 2614 4509 ς

338 4526 602 4593 probably
625 4528 720 4580 the
754 4529 932 4580 latter.
1006 4528 1117 4581 But
1147 4529 1301 4581 there
1333 4529 1380 4581 ia
1413 4529 1664 4581 nowhere
1695 4529 1754 4579 in
1781 4528 1933 4580 these
1967 4529 2207 4580 chartere
2230 4544 2337 4594 any
2369 4529 2613 4582 absolute

338 4607 727 4664 identification
751 4611 809 4663 of
829 4612 982 4664 these
1003 4615 1115 4664 two
1139 4627 1280 4665 aona.
1356 4612 1466 4663 Yet
1487 4611 1727 4664 Wffliam
1751 4610 1819 4662 de
1843 4611 2200 4685 Hankeagard
2223 4611 2331 4664 and
2355 4612 2529 4686 Rogcr
2546 4613 2614 4666 de
