3285 5121
717 631 840 688 322
1071 639 1620 694 cARTULARIUM
1656 637 2064 691 ABBATHIAE
2098 637 2200 690 DE
2233 637 2607 689 WHITEBY.

714 804 975 870 avenae.¹
1084 806 1256 870 Item
1302 803 1677 868 Willelmus
1722 801 2080 885 Sohephird
2123 822 2243 867 rec.
2292 801 2362 865 vi
2413 799 2738 885 quarteria
2780 820 3013 865 avenae

712 903 954 969 farinae.
1046 905 1217 970 Item
1245 905 1417 969 robae
1439 922 1758 968 concessae
1779 922 1895 985 pro
1917 901 2243 985 praedictis
2265 921 2382 984 per
2397 921 2644 964 annum
2674 899 3018 964 extendit²

714 1001 797 1066 ad
838 1003 1325 1068 summam—iii
1353 1002 1419 1067 11.
1533 1002 1705 1066 Item
1734 1001 2011 1085 coquina
2039 1006 2108 1064 et
2136 999 2265 1064 alia
2293 999 2652 1064 necessaria
2680 999 3014 1063 dictorum

716 1101 1048 1186 Radulphi
1075 1110 1143 1167 et
1166 1101 1467 1187 Magistri
1495 1100 1757 1164 Thomae
1779 1099 2075 1164 extendit
2103 1118 2173 1163 se
2202 1098 2286 1162 ad
2314 1118 2634 1162 summam
2663 1099 3012 1161 annuatim

717 1201 904 1264 -iiii
938 1200 1006 1267 n.
1037 1202 1133 1265 xii
1162 1222 1211 1266 a.

808 1300 1272 1383 Reparationea
1341 1298 1758 1364 aedificiorum
1825 1297 2210 1362 Monasterii
2273 1295 2583 1380 praedicti.
2690 1296 3010 1380 Inprimis

718 1398 989 1464 aedificia
1029 1397 1480 1482 <zo-operienda
1523 1419 1676 1463 cum
1717 1396 1988 1481 plumbo
2017 1395 2370 1479 requirunt,
2402 1416 2551 1459 cum
2594 1396 3010 1480 aquaeduetu,

720 1497 802 1561 ad
848 1517 1416 1562 summam—ccxx
1446 1496 1513 1561 n.
1603 1497 1775 1561 Item
1806 1494 1934 1560 alia
1963 1494 2235 1560 aedificia
2269 1494 2439 1558 infra
2466 1494 2870 1559 Abbathiam
2912 1515 3012 1559 re-

721 1598 992 1681 quirunt
1021 1597 1103 1661 ad
1132 1617 1453 1661 summam
1476 1618 1611 1660 xxx
1633 1596 1741 1661 12:
1774 1596 1944 1660 Item
1974 1594 2257 1679 Grangia
2279 1594 2359 1659 de
2389 1594 2711 1679 Stakeaby
2730 1593 3011 1678 requirit

718 1698 840 1761 xiii
889 1697 956 1762 11.
1004 1718 1048 1760 x
1092 1717 1177 1762 a:
1223 1698 1396 1762 Item
1440 1695 1796 1781 Lathgarth
1846 1694 2119 1779 requirit
2168 1693 2252 1757 ad
2300 1713 2620 1758 summam
2663 1693 2858 1757 xxiiii
2904 1692 3010 1756 11:

720 1795 892 1861 Item
909 1795 1359 1881 Whitbylaths
1388 1796 1660 1879 requirit
1688 1795 1854 1858 xxiii
1874 1793 1940 1857 11.
1964 1818 1978 1857 ε
2010 1793 2181 1857 Item
2204 1792 2593 1857 Medilwode
2621 1793 2895 1877 requirit
2926 1792 3008 1856 ad

717 1915 1039 1959 summam
1098 1894 1213 1959 xvi
1271 1895 1376 1960 n:
1438 1892 1653 1980 (133b)
1716 1894 1884 1958 Item
1945 1892 2184 1976 Filyng
2240 1892 2510 1976 requirit
2551 1891 2635 1955 ad
2679 1913 3008 1957 summam

716 1993 792 2056 iii
821 1993 886 2058 n.
912 2018 925 2058 :
970 1994 1141 2059 Item
1173 1994 1445 2059 Haknes
1473 2015 1603 2078 req.
1633 1993 1715 2057 ad
1748 2014 1908 2058 sum.
1940 2013 1984 2055 x
2014 1991 2080 2056 11.
2111 1991 2230 2055 viii
2260 2012 2306 2056 s,
2336 1992 2407 2054 vi
2436 1992 2531 2056 d.:
2577 1992 2748 2056 Item
2780 1993 3009 2057 Semar

718 2113 846 2175 req.
891 2092 973 2156 ad
1004 2113 1165 2156 sum.
1211 2114 1257 2157 v
1286 2093 1392 2157 n:
1439 2092 1605 2157 Item
1653 2091 1938 2156 Eskdale
1983 2112 2111 2174 req.
2157 2091 2240 2154 ad
2284 2111 2446 2156 sum.
2477 2091 2641 2154 xviii
2682 2091 2787 2156 112:
2835 2093 3008 2156 Item

717 2191 895 2254 Aton
941 2191 1011 2253 in
1054 2190 1373 2274 Clyfiand,
1405 2191 1488 2254 ad
1532 2211 1695 2256 sum.
1727 2213 1770 2254 x
1801 2190 1905 2256 tt:
1995 2191 2165 2255 Item
2197 2191 2458 2274 Ingilby
2485 2191 2756 2276 requirit
2784 2191 2910 2254 xiii
2939 2190 3004 2254 ῘῘ.

717 2288 786 2351 vi
815 2307 861 2351 a.
893 2288 1012 2351 viii
1041 2289 1138 2353 d.:
1184 2289 1350 2353 Item
1385 2289 1629 2374 Crosby
1658 2308 1785 2373 req.
1818 2310 1906 2352 xx
1937 2289 2005 2354 11.
2097 2290 2266 2353 Item
2312 2290 2623 2354 Bareariae
2667 2291 3008 2373 requirunt

718 2386 802 2450 ad
830 2386 1302 2469 reparationem
1329 2409 1375 2452 v
1409 2386 1475 2452 11,
1554 2387 1726 2451 Item
1755 2387 1993 2451 Parcus
2024 2386 2105 2451 de
2135 2387 2371 2472 Filyng
2398 2409 2523 2472 req.
2557 2387 2642 2451 ad
2669 2407 2833 2453 sum.
2865 2409 2907 2451 v
2938 2386 3006 2452 Β.

719 2486 1051 2551 —Debita
1093 2486 1477 2552 Monasterii
1520 2487 1601 2551 de
1630 2486 1994 2572 Whytteby
2036 2486 2400 2552 extendunt
2443 2508 2510 2553 se
2552 2487 2636 2551 ad
2683 2507 3006 2552 summam

722 2587 928 2652 iiii¹¹v
956 2587 1025 2655 11.
1054 2587 1199 2652 xiiii
1228 2609 1276 2655 a.
1306 2587 1406 2652 iiii
1435 2587 1496 2653 d.

791 2736 812 2771 ¹
848 2737 962 2789 The
997 2738 1277 2790 num-total
1311 2738 1439 2790 does
1474 2740 1572 2790 not
1605 2738 1818 2804 exaetly
1840 2738 2158 2805 eon-respond
2180 2737 2314 2790 with
2350 2737 2445 2790 the
2479 2737 2683 2790 several
2705 2738 3002 2806 quantitiea

719 2821 1079 2887 enumerated,
1103 2825 1294 2891 except
1314 2822 1373 2873 in
1396 2824 1604 2888 respect
1627 2821 1687 2872 of
1709 2820 1802 2873 the
1824 2820 2003 2873 leaves
2023 2840 2111 2872 :—

1935 2939 2075 3031 Ῑὲἳξῖθ
2157 2939 2366 3031 ιὲξὶιξῗῗ·
2416 2965 2555 3006 Panes
2574 2976 2663 3007 aec.
2692 2965 2793 3016 ung.
2809 2975 2894 3008 αι’.
2913 2977 2997 3008 see.

818 3066 981 3129 Thus,
1006 3066 1235 3117 Thomas
1259 3065 1646 3134 Walkyngtnn,
1770 3105 1781 3116 .
1926 3104 1940 3118 .
1984 3070 2047 3118 14
2233 3069 2296 3118 14

1006 3148 1182 3215 Ralph
1209 3149 1496 3216 Roget-aon,
1606 3190 1617 3202 .
1766 3189 1775 3199 .
1925 3188 1938 3201 .
1981 3152 2048 3201 14
2230 3151 2297 3201 14
2514 3154 2581 3202 10
2813 3154 2844 3208 7

1008 3231 1152 3284 Will.
1181 3232 1535 3299 Marsyngale‚
1610 3270 1622 3283 .
1769 3272 1779 3281 .
1927 3271 1940 3283 .
2016 3235 2049 3285 8
2263 3235 2297 3286 8

1013 3313 1249 3364 William
1276 3314 1382 3376 Ak,
1442 3350 1457 3365 .
1607 3356 1617 3367 .
2014 3318 2044 3371 7
2265 3318 2295 3371 7

1010 3395 1224 3460 Lyulph
1248 3395 1314 3446 de
1339 3396 1540 3459 Lautul,
1611 3437 1623 3450 .
2019 3400 2052 3450 8
2266 3400 2299 3450 8

1006 3479 1246 3528 william
1270 3479 1564 3542 Por-tarius,
1609 3518 1622 3531 .
2024 3484 2046 3532 1
2265 3482 2298 3532 8

1005 3560 1150 3611 John
1176 3562 1457 3621 Harwode,
1609 3600 1621 3612 .
1768 3600 1779 3612 .
1928 3601 1940 3615 .
2016 3565 2049 3615 8
2263 3566 2297 3616 8

1007 3641 1204 3692 Ceoilia
1227 3643 1472 3706 Pereour,
1608 3682 1618 3695 .
1771 3683 1782 3695 .
1930 3685 1943 3697 .
2021 3646 2051 3701 7
2268 3648 2298 3703 7

1009 3723 1211 3774 Robert
1235 3725 1464 3789 Pynder‚
1609 3764 1621 3777 .
2017 3731 2047 3784 7
2265 3731 2296 3785 7

1008 3807 1182 3874 Roget
1204 3807 1505 3873 Malynuon,
1607 3846 1620 3860 .
2020 3811 2051 3866 7
2268 3813 2299 3868 7

1009 3891 1238 3942 Thomas
1261 3891 1506 3954 Percour,
1608 3930 1622 3944 .
1770 3932 1782 3944 .
1930 3932 1943 3946 .
1987 3895 2053 3946 14
2834 3900 2864 3952 ’1

1951 4038 2052 4088 102
2228 4038 2298 4089 88
2516 4038 2583 4090 10
2802 4041 2868 4089 14

729 4156 796 4208 In
833 4156 921 4220 an,
951 4159 1052 4208 102
1088 4155 1483 4220 whiteloavea,
1511 4155 1648 4206 with
1687 4157 1753 4207 10
1789 4156 2027 4221 seconde,
2061 4156 2282 4226 making
2316 4174 2388 4224 up
2424 4158 2518 4209 the
2553 4175 2671 4210 aum
2695 4159 2754 4210 of
2793 4162 2911 4223 112,
2954 4178 3013 4213 aa

729 4242 909 4294 stated
944 4242 1001 4292 in
1037 4241 1132 4293 the
1156 4242 1457 4305 document,
1484 4240 1591 4291 and
1624 4240 1779 4291 made
1815 4245 1912 4292 out
1936 4241 1993 4291 of
2027 4240 2143 4292 half
2178 4258 2212 4293 a
2245 4246 2463 4309 qun-ter
2484 4241 2542 4293 of
2576 4259 2718 4296 corn.
2791 4245 2907 4296 The
2930 4245 3010 4296 ale

730 4341 877 4376 suma
900 4341 974 4391 up
997 4328 1056 4375 to
1080 4327 1148 4377 88
1175 4324 1391 4393 fingens,
1412 4323 1544 4376 with
1568 4325 1634 4374 14
1658 4323 1715 4375 of
1736 4324 1831 4375 the
1855 4325 2049 4375 neoond
2065 4325 2291 4391 quality,
2309 4342 2370 4377 or
2392 4341 2426 4376 a
2445 4325 2582 4377 total
2608 4325 2665 4376 of
2692 4329 2810 4391 102,
2831 4328 3008 4379 which

724 4407 775 4459 in
799 4407 922 4459 four
942 4424 1085 4458 more
1109 4408 1242 4459 than
1266 4406 1360 4459 the
1383 4406 1609 4458 number
1631 4406 2014 4459 stated-issiu
2038 4412 2095 4459 et
2119 4409 2265 4473 xviii,
2292 4409 2398 4460 and
2423 4409 2597 4461 which
2621 4425 2710 4461 are
2735 4410 2891 4463 made
2914 4416 3010 4465 out

727 4489 785 4540 of
797 4489 959 4601 ²three
983 4493 1241 4554 quartern-
1252 4488 1309 4540 of
1338 4493 1432 4540 oat
1453 4489 1602 4541 malt.

856 4569 958 4618 Ita.
