3285 5121
700 579 779 643 78
1070 592 1621 645 CARTULARIUM
1657 591 2066 643 ABBATHIAE
2099 592 2199 644 DE
2234 590 2604 645 WHITEBY.

695 756 969 822 defendo
1018 758 1316 821 omnibus
1370 756 1743 821 hominibus
1795 757 1974 835 meis,
2023 763 2101 820 ut
2161 756 2418 819 nullum
2468 756 2808 820 servitium
2852 777 2971 821 nec

694 856 979 941 aliquam
1023 855 1557 921 consuetudinem
1588 856 1667 920 de
1712 856 2027 920 forinseco
2058 856 2320 920 servitio
2365 876 2480 939 pro
2526 856 2770 921 eisdem
2815 857 2972 922 dua-

694 956 816 1021 bus
847 957 1161 1022 carucatis
1191 964 1376 1020 terrae
1406 956 1670 1039 exigant
1691 955 1797 1019 vel
1827 955 2166 1039 accipiant.
2241 955 2557 1020 Testibus.
2649 957 2972 1034 Gundree,

696 1064 899 1122 matre
921 1076 1081 1120 mea.
1172 1054 1446 1138 Nigello,
1476 1054 1610 1118 filio
1635 1074 1794 1118 meo,
1883 1054 2204 1131 Atheliza,
2228 1075 2426 1118 uxore
2446 1076 2604 1119 mea.
2694 1056 2974 1120 Roberto

697 1156 778 1220 de
822 1154 1211 1219 Davidvilla.
1302 1156 1546 1238 Rogero
1577 1154 1657 1218 de
1687 1152 2154 1218 Flammavilla.
2247 1153 2535 1219 Waltero
2576 1155 2655 1219 de
2688 1156 2970 1239 Riparia.

700 1256 1014 1321 Herberto
1045 1255 1124 1319 de
1155 1254 1567 1338 Queingburc
1586 1253 1634 1333 ;ι
1682 1260 1748 1318 et
1777 1253 1938 1318 aliis,

890 1440 1277 1507 LXXXIII.
1324 1441 1432 1504 DE
1460 1456 1664 1506 ‘torro
1695 1456 1768 1504 IN
1800 1440 2043 1505 Horon
2072 1455 2285 1504 JUXTA
2316 1440 2790 1506 Gmnunmnss

362 1600 538 1704 Roffir,
788 1578 1107 1644 Omnibus
1141 1577 1257 1641 has
1301 1576 1551 1642 litteras
1580 1578 1701 1642 vis.
1732 1576 1837 1641 vel
1881 1576 2045 1654 aud„
2076 1577 2359 1661 Rogerus
2404 1577 2485 1642 D.
2519 1579 2594 1643 G.
2625 1579 2848 1643 Abbas
2890 1578 2972 1642 de

364 1658 605 1777 ffiitssfff
700 1679 988 1763 wyteby
1018 1685 1086 1742 et
1115 1676 1404 1760 ejusdem
1434 1677 1560 1741 loci
1593 1678 1987 1754 Conventus,
2018 1676 2310 1740 salutem.
2399 1677 2674 1742 Noverit
2704 1679 2877 1743 univ.
2908 1700 2970 1743 v.

366 1776 599 1895 {gitghfifrd'
702 1800 819 1843 nos
872 1777 1193 1842 dimisisse
1244 1777 1415 1841 D’no
1469 1776 1763 1852 Ricard0‚
1799 1776 1932 1840 filio
1981 1776 2136 1839 D'ni
2188 1775 2486 1859 Hugonis
2535 1777 2615 1842 de
2664 1778 2974 1854 Hotona,⁸

367 1907 453 1940 son
468 1894 523 1940 of
699 1880 942 1943 toftum
965 1898 1113 1941 cum
1143 1878 1343 1940 crofto
1374 1877 1546 1960 quod
1576 1877 1877 1941 dominus
1900 1877 2232 1953 Unfridus,
2256 1884 2439 1961 pater
2468 1878 2625 1943 dicti
2655 1877 2972 1962 Hugonis‚

368 1952 618 2069 ξὲξξῃῗθ,
702 1977 880 2041 dedit
932 1975 1236 2041 Ecclesiae
1288 1982 1521 2040 nostrae
1570 1977 1649 2040 de
1694 1976 1997 2060 Wyteby,
2027 1997 2142 2060 pro
2191 1998 2238 2041 s,
2271 1998 2323 2041 a.
2356 1998 2505 2054 suae,
2549 1983 2614 2041 et
2664 1984 2969 2039 antecess

368 2070 622 2188 ζξζξζῐζῖο
702 2097 965 2142 suorum
1014 2084 1080 2140 et
1127 2072 1424 2140 success.'
1453 2094 1717 2139 suorum
1739 2075 2163 2140 t—reddendo
2212 2075 2397 2141 nobis
2440 2076 2590 2140 inde
2634 2075 2969 2139 annuatim

366 2190 462 2249 gift
482 2187 631 2234 orbis
701 2177 813 2241 xii.
870 2176 1180 2253 denarios,
1233 2174 1649 2240 medietatem
1702 2175 1784 2239 ad
1838 2174 2282 2253 Pentecosten,
2330 2185 2397 2241 et
2448 2176 2609 2242 med.
2661 2176 2743 2240 ad
2802 2176 2843 2240 f.
2906 2174 2970 2239 S.

387 2247 541 2363 διὲξ,
704 2276 992 2342 Martini.
1083 2276 1154 2340 Si
1184 2295 1335 2339 vero
1365 2274 1579 2339 dictus
1604 2275 1916 2340 Ricardus
1947 2274 2264 2341 haeredem
2295 2276 2374 2340 de
2404 2297 2471 2341 se
2503 2298 2633 2341 non
2660 2275 2976 2350 habuerit,

365 2365 673 2471 gpxpgridus,
704 2376 950 2440 dictum
997 2376 1235 2440 toftum
1283 2396 1432 2439 cum
1475 2376 1696 2452 crofto,
1741 2380 1806 2439 et
1852 2374 2141 2439 aedificiis
2193 2375 2746 2460 super-aedificatis
2797 2377 2976 2460 prius

365 2483 543 2530 annual
704 2476 1036 2541 decessum
1079 2475 1303 2558 ipsius,
1350 2474 1641 2560 quietum
1690 2475 1875 2538 nobis
1921 2476 2293 2541 remanebit.
2381 2477 2468 2539 Et
2510 2478 2581 2540 in
2624 2476 2819 2559 hujus
2849 2498 2895 2540 r.
2928 2482 2973 2540 t.

365 2540 685 2656 pgdymaeitsspf
706 2597 882 2661 prees.
944 2596 1059 2641 scr.
1120 2576 1405 2660 sigillum
1467 2575 1757 2659 Capituli
1816 2575 2020 2641 nostri
2073 2577 2586 2662 ap[p]osuimus;
2646 2583 2711 2643 et
2764 2578 2975 2642 dictus

366 2662 636 2708 remainder

366 2724 419 2766 to
441 2720 526 2767 the
703 2675 1013 2740 Ricardus
1086 2676 1470 2760 transcripto
1544 2675 2008 2762 cirograff[at]o
2069 2677 2356 2761 sigillum
2417 2698 2609 2741 suum
2660 2679 2975 2762 apposuit.

366 2779 604 2885 ffiglffidif
702 2777 855 2842 Hiis
874 2777 1164 2842 testibus.
1211 2777 1378 2842 D'no
1402 2777 1734 2842 Willelmo
1759 2778 1839 2843 de
1863 2777 2222 2843 Thocotes.⁴
2284 2778 2610 2862 Stephano
2633 2778 2712 2842 de
2742 2776 2976 2843 Rosel.⁶

368 2898 634 2969 dieqwith-
700 2878 746 2942 J
748 2876 1000 2942 ohanne
1054 2877 1133 2942 de
1208 2876 1566 2942 Thocotes.⁰
1683 2877 1930 2942 Thoma
1987 2877 2067 2942 de
2129 2875 2587 2962 Houkesgart.⁷
2698 2879 2833 2944 Ric.
2893 2877 2976 2941 de

368 2961 457 3005 ⁰²¹²
476 2972 620 3005 ωηο·
701 2974 1000 3060 Filinga⁸
1090 2977 1335 3060 Rogero
1365 2978 1446 3042 de
1476 2977 1768 3041 Hirtuna
1785 3001 1801 3057 3
1819 2976 1848 3016 ⁹
1889 2983 1957 3042 et
1985 2976 2146 3041 aliis.

789 3149 1161 3215 LXXXIV.
1210 3151 1315 3214 DE
1345 3165 1437 3214 111.
1471 3165 1748 3214 novans
1778 3166 2007 3214 TERRAE
2037 3166 2109 3214 m
2142 3149 2473 3215 OAYTONA.
2566 3150 2683 3234 [M.
2723 3152 2889 3234 105]

369 3317 601 3377 william,
792 3300 1110 3365 Omnibus
1155 3299 1217 3363 S.
1252 3299 1342 3363 M.
1374 3298 1684 3363 Ecclesiae
1726 3298 1903 3375 filiis,
1932 3298 2321 3376 Willelmus,
2352 3299 2524 3362 filius
2569 3299 2864 3361 Durandi
2896 3300 2975 3362 de

369 3377 573 3482 ῗξξΐξξᾱ
593 3434 654 3481 d„
706 3397 1114 3474 Keithuna,¹⁰
1158 3397 1451 3462 salutem.
1540 3394 1814 3459 Noverit
1853 3396 2030 3458 univ.
2064 3417 2122 3459 v.
2155 3396 2327 3478 quod
2372 3415 2487 3478 ego
2529 3396 2782 3479 suscepi
2805 3395 2853 3434 ¹¹
2898 3396 2977 3460 de

369 3494 579 3598 ἓξὲξ(
705 3496 1052 3582 E[c]clesia
1082 3496 1161 3560 de
1189 3496 1475 3579 wyteby
1505 3500 1635 3559 tres
1665 3495 1932 3559 bovatas
1962 3496 2096 3558 t'rae
2127 3494 2330 3578 [cum]
2362 3494 2788 3578 pertinentiis,
2819 3517 2979 3580 quas

376 3610 579 3669 whitby
707 3597 1024 3662 Robertus
1053 3600 1239 3681 pater
1260 3594 1310 3635 ¹²
1353 3615 1536 3659 meus
1565 3594 1756 3677 praed.
1790 3593 2098 3658 Ecclesiae
2141 3594 2471 3673 vendidit;
2516 3595 2703 3678 cujus
2732 3596 2825 3659 rei
2859 3616 2977 3679 ego

802 3707 820 3742 ¹
859 3709 1091 3760 Hei-bert
1115 3707 1425 3776 Quonigbur
1447 3708 1505 3758 in
1527 3707 1579 3758 N
1582 3723 1627 3758 0.
1655 3709 1775 3759 258.

799 3790 822 3824 ²
858 3792 1116 3844 Identical
1139 3791 1275 3843 with
1298 3792 1392 3842 the
1416 3791 1703 3843 document
1725 3791 1777 3842 N
1781 3806 1825 3841 o.
1854 3791 1973 3844 352.
2165 3787 2188 3822 ³
2222 3789 2320 3842 See
2343 3790 2443 3842 No.
2471 3790 2553 3845 76.

800 3874 821 3909 ⁴
858 3877 1116 3942 Toccotys
1139 3877 1196 3927 in
1218 3875 1318 3928 No.
1348 3877 1468 3927 352.
2157 3872 2183 3907 ⁵
2216 3875 2409 3927 Rosell'
2434 3876 2491 3927 in
2515 3876 2615 3927 Ne.
2644 3879 2764 3930 352.

800 3957 825 3993 ⁰
857 3959 1086 4026 Tocotys
1109 3959 1165 4010 in
1188 3959 1287 4010 Nc.
1321 3960 1441 4012 352.
2152 3955 2175 3990 ⁷
2212 3959 2590 4027 Haukesgarth
2614 3958 2671 4009 in
2696 3960 2793 4012 No.
2824 3962 2943 4012 352.

802 4042 825 4078 ⁸
859 4043 972 4096 Rio’
998 4043 1065 4094 de
1088 4042 1363 4111 nyelinge
1386 4042 1443 4093 in
1466 4041 1566 4095 Ne.
1595 4043 1714 4095 352.
2153 4039 2178 4074 ⁹
2213 4043 2444 4108 Hyrton’
2468 4043 2525 4094 in
2548 4042 2649 4094 No.
2678 4046 2798 4096 352.

779 4124 826 4159 ¹⁰
860 4126 934 4179 M.
976 4126 1243 4192 Kaytona.
2146 4123 2185 4158 ¹¹
2220 4128 2418 4191 mancipi.

778 4207 823 4244 ¹²
858 4210 933 4261 M.
962 4209 1123 4262 omits
1147 4212 1183 4237 ‘⁸
1202 4206 1518 4270 Robertus,”
1538 4206 1640 4260 but
1664 4206 1849 4260 writes
1877 4211 1908 4236 “
1922 4206 2127 4274 pates-,⁹⁹
2153 4208 2328 4260 which
2351 4209 2398 4260 is
2421 4208 2620 4275 clearly
2645 4225 2842 4278 wrong,
2869 4214 2985 4261 not-

708 4293 1096 4361 withstanding
1117 4292 1211 4344 the
1236 4292 1347 4344 fact
1370 4292 1492 4343 that
1515 4290 1609 4342 the
1634 4306 1781 4342 nme
1805 4290 2025 4358 reading
2049 4290 2095 4342 is
2118 4292 2285 4343 found
2308 4292 2365 4344 in
2388 4293 2483 4345 the
2507 4298 2723 4359 present
2756 4294 2890 4345 deod
2926 4295 2981 4343 in

709 4381 774 4431 A.
802 4380 930 4431 also·
1005 4377 1059 4429 N
1060 4394 1105 4428 0.
1133 4377 1237 4428 243
1260 4375 1436 4427 shows
1459 4374 1583 4428 that
1606 4374 1654 4425 it
1676 4390 1789 4426 was
1813 4374 2031 4436 Robert,
2057 4374 2276 4427 brother
2306 4376 2364 4427 of
2398 4376 2621 4429 Dur-and
2643 4375 2712 4427 de
2745 4376 2982 4443 Kayton,

709 4464 815 4515 and
839 4460 1217 4529 comequently
1239 4459 1394 4511 uncle
1410 4458 1467 4510 of
1487 4459 1581 4511 the
1606 4462 1822 4525 present
1844 4461 2077 4526 grantor,
2103 4458 2226 4510 who
2248 4459 2367 4510 sold
2389 4461 2483 4512 the
2505 4460 2633 4513 laud
2657 4459 2715 4512 in
2737 4460 2984 4527 question

713 4551 771 4599 to
794 4547 889 4598 the
912 4545 1118 4612 Abbey,
1150 4560 1210 4596 so
1232 4543 1357 4597 that
1382 4547 1415 4573 ‘⁸
1434 4541 1771 4595 avunculus”
1797 4542 1843 4593 is
1867 4542 1961 4593 the
1986 4557 2176 4608 proper
2197 4542 2430 4613 reading.
