3285 5121
703 617 825 674 244
1073 628 1616 682 CARTULARIUM
1656 631 2063 683 ABBATHIAE
2098 630 2196 681 DE
2230 627 2605 681 WHITEBY.

697 790 895 857 officii
951 793 1158 859 nostri
1220 795 1459 872 debito,
1517 794 1942 872 exercuimus,
2003 795 2339 860 ecclesiam
2406 791 2842 879 parochialem
2904 791 2980 855 B.

701 892 927 956 Mariae
948 893 1029 958 de
1060 893 1372 977 Whiteby
1392 893 1731 977 Religiosis
1761 894 1919 958 viris
1949 895 2194 959 Abbati
2224 900 2291 959 et
2322 894 2521 960 Conv,
2546 892 2627 957 de
2657 891 2983 974 Whiteby

698 991 1004 1056 canonice
1055 992 1311 1055 unitam
1363 997 1431 1057 et
1482 1011 1823 1069 annexam,
1875 1013 2007 1057 una
2059 1013 2209 1057 cum
2259 992 2527 1076 capellis
2580 990 2662 1055 de
2706 989 2981 1073 Aselby,

702 1089 1145 1174 Ugylbardby,
1188 1091 1491 1174 Dunsley
1533 1097 1599 1155 et
1645 1091 2122 1176 Haukesgarth,
2153 1092 2235 1155 ab
2280 1092 2507 1156 eadem
2551 1090 2705 1156 eccl.
2734 1090 2979 1174 depen-

699 1188 1022 1263 dentibus,
1049 1189 1197 1253 xiii⁰
1226 1190 1331 1254 die
1362 1189 1606 1254 mensis
1634 1189 1682 1254 J
1686 1189 1825 1265 ulii,
1856 1192 1933 1254 A.
1960 1191 2042 1255 D.
2066 1188 2413 1254 millesimo
2435 1197 2621 1254 cccmo
2650 1187 2980 1272 quinqua-

696 1289 939 1373 gesimo
968 1290 1178 1366 terti0,
1207 1309 1282 1354 ac
1320 1289 1636 1373 capellam
1668 1290 1749 1354 de
1793 1289 2107 1373 Fylynge,
2136 1309 2333 1373 quam
2361 1288 2697 1354 ecclesiam
2724 1289 2883 1364 fore,
2913 1294 2981 1352 et

699 1408 740 1452 a
767 1387 949 1452 nulla
977 1388 1108 1454 alia
1135 1389 1404 1454 ecclesia
1447 1388 1808 1473 dependere
1838 1388 2251 1453 credebamus
2286 1386 2694 1472 parochiale‚¹
2722 1386 2978 1451 decimo

700 1494 929 1571 quarto
960 1489 1065 1553 die
1110 1489 1270 1554 dicti
1314 1489 1571 1565 mensis,
1615 1494 1812 1572 prout
1854 1488 1937 1552 ad
1981 1508 2099 1552 nos
2143 1488 2445 1571 pertinet,
2473 1487 2980 1563 visitaverimus,

696 1592 764 1651 et
786 1588 1180 1653 visitationis
1203 1589 1411 1654 officio
1440 1590 1533 1654 sic
1553 1589 1840 1673 inpensO,
1862 1608 2118 1653 necnon
2146 1587 2226 1652 de
2247 1594 2497 1671 septem
2518 1587 2744 1651 solidis
2766 1592 2835 1650 et
2857 1606 2979 1651 sex

697 1687 978 1752 denariis
1029 1688 1145 1772 qui
1197 1689 1458 1754 nomine
1515 1687 1974 1772 procuratorio,
2026 1686 2276 1751 ratione
2326 1685 2722 1751 visitationis
2782 1685 2977 1750 dictae

697 1786 984 1851 ecclesiae
1028 1786 1099 1853 B.
1131 1788 1359 1852 Mariae
1388 1794 1455 1853 et
1484 1787 1875 1872 capellarum
1911 1787 1993 1850 ab
2024 1806 2116 1863 ea,
2145 1792 2222 1849 ut
2264 1785 2704 1869 praemittitur,
2735 1785 2974 1868 depen-

696 1886 1015 1963 dentium,
1047 1887 1237 1952 nobis
1280 1887 1680 1951 debebantur
1719 1887 2011 1970 plenarie
2069 1884 2438 1962 satisfactis,
2495 1885 2658 1949 alios
2717 1890 2976 1967 septem

694 1985 935 2049 solidos
964 1991 1032 2048 et
1061 2005 1173 2048 sex
1205 1985 1517 2061 denariOS,
1547 1993 1865 2068 tanquam
1895 1985 2083 2049 nobis
2107 1984 2358 2049 debitos
2388 1984 2652 2048 nomine
2671 2004 2974 2067 procura·

695 2083 1135 2160 tori0,ratione
1157 2085 1554 2150 visitationis
1577 2085 1771 2150 dictae
1794 2085 2057 2168 capellae
2077 2085 2157 2149 de
2179 2084 2473 2169 Fylynge
2497 2105 2611 2167 per
2631 2105 2750 2148 nos
2767 2085 2976 2160 factae,

693 2183 1182 2267 peti[i]ssemus‚
1235 2190 1302 2247 et
1355 2184 1607 2267 exigere
1660 2183 2016 2247 niteremur
2071 2183 2154 2248 ab
2199 2184 2446 2249 eisdem
2490 2182 2836 2268 Religiosis
2886 2182 2975 2246 ad

691 2282 1174 2364 proponendam
1218 2288 1287 2345 et
1327 2282 1796 2347 ostendendam
1855 2302 2117 2346 causam
2160 2282 2627 2359 rationabilem,
2670 2283 2729 2347 si
2771 2302 2975 2366 quam

693 2379 1079 2463 habe[re]nt,
1110 2401 1306 2463 quare
1336 2382 1419 2445 ad
1460 2382 1530 2445 id
1575 2380 1646 2444 in
1676 2381 1884 2445 forma
1917 2381 2088 2464 juris
2133 2382 2438 2465 compelli
2480 2402 2612 2445 non
2645 2380 2976 2457 deberent,

692 2478 1066 2544 fecissemus
1097 2499 1310 2544 coram
1339 2480 1525 2544 vobis
1555 2480 1640 2545 ad
1662 2479 1987 2565 judicium
2030 2480 2301 2556 evocari,
2329 2500 2480 2564 pars
2512 2480 2650 2565 (85)
2683 2480 2974 2564 ipsorum

694 2579 1164 2663 Religiosorum
1207 2599 1321 2663 per
1362 2580 1409 2645 J
1411 2578 1735 2645 ohannem
1776 2578 1857 2644 de
1909 2579 2251 2662 Staynton,
2282 2578 2623 2655 clericum,
2667 2597 2973 2662 procura-

691 2685 895 2744 torem
956 2679 1306 2745 eorundem
1347 2679 1733 2744 litteratorie
1776 2678 2206 2744 constitutum
2249 2678 2322 2742 in
2364 2678 2571 2743 forma
2611 2678 2972 2742 vocationis

691 2778 1015 2862 praedictae
1064 2800 1279 2843 coram
1321 2780 1508 2844 nobis
1552 2778 1953 2855 sufficienter,
1995 2797 2390 2861 comparens,
2427 2777 2547 2842 lite
2590 2797 2706 2861 per
2750 2777 2972 2860 ipsum

691 2883 1169 2961 procuratorem
1239 2877 1324 2943 ad
1390 2877 1774 2962 petitionem
1841 2883 2127 2941 nostram
2192 2875 2320 2940 sibi
2376 2875 2688 2940 traditam
2751 2875 2971 2939 verbis

691 2975 1010 3060 negativis
1054 2982 1431 3054 contestata,
1460 2984 1527 3042 et
1555 2975 1915 3042 secundum
1956 2974 2164 3059 ipsius
2194 2974 2440 3060 negotii
2468 2974 2859 3059 qualitatem
2900 2981 2973 3038 et

692 3082 992 3139 naturam
1014 3075 1380 3158 juramento
1399 3075 1480 3141 de
1504 3075 1874 3159 calumpnia
1896 3080 1962 3139 et
1983 3073 2063 3138 de
2085 3074 2361 3139 veritate
2384 3074 2657 3139 dicenda
2676 3073 2971 3158 praestito

693 3173 1021 3257 corporali,
1065 3174 1375 3259 allegavit
1424 3180 1490 3238 et
1539 3173 1894 3257 proposuit,
1937 3173 2199 3237 nomine
2250 3171 2657 3237 dominorum
2702 3193 2971 3237 suorum

693 3273 1165 3356 praedictorum,
1194 3273 1366 3357 quod
1413 3272 1588 3337 dicta
1617 3272 1867 3356 capella
1910 3272 1992 3336 de
2022 3272 2316 3357 Fylynge
2359 3278 2476 3348 est,
2520 3277 2587 3337 et
2630 3292 2888 3356 semper
2930 3293 2972 3336 a

696 3380 983 3455 tempore
1019 3371 1514 3435 constructionis
1544 3370 1835 3454 ejusdem
1866 3370 1992 3433 fuit
2021 3372 2287 3448 notorie,
2317 3370 2565 3454 capella
2594 3370 2972 3454 dependens

695 3469 777 3532 ab
809 3468 1079 3533 ecclesia
1116 3470 1187 3533 B.
1219 3469 1445 3533 Mariae
1489 3469 1813 3552 praedicta,
1842 3475 1918 3532 ut·
1946 3469 2028 3532 ab
2059 3470 2329 3534 ecclesia
2358 3489 2477 3533 sua
2504 3469 2859 3553 parochiali
2903 3477 2975 3535 et

695 3567 979 3643 matrice,
1009 3587 1082 3631 ac
1112 3567 1283 3632 infra
1304 3569 1463 3632 fines
1488 3574 1551 3632 et
1582 3568 1826 3632 limites
1849 3568 2054 3652 ipsius
2085 3568 2370 3634 ecclesiae
2398 3568 2647 3633 notorie
2669 3568 2973 3647 situatur,

697 3672 763 3731 et
784 3667 957 3750 quod
986 3665 1236 3730 nullam
1267 3667 1502 3745 dotem,
1525 3687 1645 3731 nec
1675 3667 1895 3751 aliqua
1923 3667 2054 3732 alia
2083 3668 2253 3732 bona
2281 3687 2320 3731 a
2350 3668 2523 3732 dicta
2552 3667 2823 3733 ecclesia
2852 3688 2974 3733 sua

697 3765 962 3830 matrice
989 3772 1282 3849 separata
1323 3787 1442 3831 nec
1474 3766 1701 3844 divisa,
1731 3787 1849 3831 nee
1879 3766 2164 3850 aliquem
2208 3768 2556 3832 Personam
2585 3767 2693 3832 vel
2732 3768 2974 3833 Minis-

697 3875 873 3930 trum
924 3872 1306 3950 perpetuum
1347 3865 1544 3931 habet
1586 3867 1670 3931 ad
1715 3867 1853 3950 ejus
1896 3867 2201 3951 regimen,
2247 3887 2365 3932 nec
2411 3866 2633 3951 aliquo
2680 3873 2972 3951 tempore

699 3964 930 4030 habuit
951 3966 1334 4043 ordinatum,
1351 3967 1673 4051 unicaque
1692 3967 2013 4031 duntaxat
2033 3967 2394 4050 procuratio
2417 3966 2975 4032 Archidiaconalis

703 4086 849 4150 quae
879 4064 962 4130 ad
991 4072 1238 4148 septem
1269 4085 1316 4129 s.
1348 4070 1414 4129 et
1437 4085 1549 4130 sex
1580 4065 1638 4129 d.
1663 4085 1780 4150 per
1805 4064 2334 4130 constitutionem
2364 4085 2557 4149 super
2577 4064 2698 4131 hoc
2729 4065 2975 4130 editam

703 4166 1087 4243 moderatur,
1130 4164 1380 4230 ratione
1430 4163 1823 4230 visitationis
1870 4163 2060 4230 dictae
2111 4164 2414 4242 ecclesiae,
2461 4170 2529 4229 et
2579 4164 2845 4249 capellae
2891 4165 2976 4232 de

705 4344 859 4404 1351,
896 4344 998 4394 vice
1031 4340 1176 4393 John
1211 4338 1480 4403 Ellevker,
1517 4338 1787 4393 deceased.
1858 4339 1961 4392 His
1995 4338 2366 4408 appointment
2387 4356 2497 4392 was
2532 4339 2744 4393 ratified
2778 4339 2856 4408 by
2878 4340 2976 4394 the

704 4424 1037 4492 King.-(Le
1060 4423 1227 4488 Neve,
1252 4423 1324 4475 iii.
1358 4427 1496 4488 146.)

774 4505 794 4540 ¹
830 4507 1205 4559 Parochialem.
1296 4507 1362 4557 Iu
1399 4508 1495 4560 the
1536 4510 1668 4559 next
1707 4506 2011 4572 document,
2055 4504 2233 4560 which
2277 4505 2324 4558 is
2365 4505 2421 4557 in
2463 4505 2576 4559 this
2626 4509 2752 4574 part
2793 4507 2981 4575 nearly

699 4588 961 4641 verbatim
985 4590 1078 4640 the
1100 4605 1259 4654 same,
1286 4590 1333 4643 it
1356 4591 1401 4642 is
1420 4592 1728 4657 parochiali.
