3285 5121
634 536 841 600 xxxiv
1250 552 1837 607 INTRODUCTORY
1873 551 2277 606 CHAPTERS.

637 715 852 798 coepit,
881 718 993 799 qui
1022 724 1170 800 post
1197 719 1337 801 ejus
1366 718 1614 783 obitum
1644 719 1992 802 migrantes
2036 716 2412 791 Eboracum,
2441 712 2915 777 Monasterium

636 816 710 879 in
737 814 1044 881 honorem
1075 817 1329 882 Sanctae
1372 818 1600 882 Mariae
1645 838 1901 902 semper
1927 816 2238 900 Virginis,
2266 815 2440 899 quod
2484 833 2659 877 nunc
2687 811 2915 875 Abbas

639 914 1005 997 Stephanus
1056 923 1315 981 strenue
1376 916 1557 1000 regit,
1600 915 2400 999 construxerunt—(Sym.
2446 912 2743 976 Dunelm.
2807 930 2917 993 pp.

648 1018 953 1091 198-201,
988 1020 1131 1091 203,
1165 1016 1342 1097 204.)

727 1113 856 1177 III.
902 1113 1082 1179 Then
1128 1134 1221 1178 we
1264 1115 1431 1179 have
1461 1114 1573 1180 the
1617 1122 1793 1198 story
1821 1115 2016 1198 given
2059 1113 2131 1177 in
2174 1113 2285 1177 the
2315 1109 2637 1176 narrative
2666 1108 2917 1191 alleged

640 1219 708 1275 to
752 1212 832 1276 be
875 1213 964 1296 by
995 1212 1281 1296 Stephen
1311 1214 1379 1277 of
1419 1212 1698 1297 Whitby
1726 1214 1793 1278 of
1836 1215 1948 1278 the
1993 1211 2374 1278 foundation
2415 1211 2483 1274 of
2534 1209 2627 1274 St.
2672 1207 2917 1291 Mary's

641 1309 871 1392 Abbey
900 1316 969 1374 at
997 1310 1194 1388 York,
1223 1332 1262 1375 a
1290 1332 1454 1396 copy
1484 1312 1556 1375 of
1579 1311 1796 1377 which
1822 1312 2107 1378 follows:
2131 1310 2246 1361 ¹—

729 1408 792 1472 S.
814 1410 1048 1474 Mariae
1075 1410 1345 1475 Eboraci
1375 1411 1757 1478 coenobium.

730 1508 832 1571 De
863 1509 1242 1574 fundatione
1265 1511 1561 1575 Abbatiae
1591 1511 1842 1575 Sanctae
1871 1510 2106 1575 Marioe
2135 1508 2422 1591 Virginis
2439 1506 2713 1570 Eboraci
2741 1524 2913 1568 anno

644 1606 725 1669 ab
783 1606 1223 1673 incarnatione
1282 1609 1549 1672 Domini
1605 1608 1971 1691 mlxxxviij.
2088 1606 2387 1671 Fundata
2433 1605 2574 1690 ⁴fuit
2630 1603 2916 1667 Abbatia

644 1705 934 1787 ejusdem
962 1711 1038 1768 ut
1066 1706 1237 1769 infra
1263 1707 1528 1788 patebit.

734 1802 1044 1880 Quamvis
1075 1811 1297 1867 sancta
1325 1825 1456 1867 una
1477 1810 1544 1868 et
1564 1804 1945 1870 universalis
1969 1804 2183 1868 Mater
2199 1801 2488 1868 Ecclesia
2515 1821 2629 1884 per
2656 1800 2912 1865 univer·

646 1922 791 1965 sum
809 1900 835 1938 ²
865 1902 1082 1966 orbem
1125 1902 1314 1986 longe
1342 1903 1602 1985 lateque
1654 1903 1906 1979 diffusa,
1937 1924 1976 1967 a
2005 1902 2158 1966 filiis
2203 1902 2336 1966 suis
2379 1920 2541 1985 quos
2569 1900 2696 1964 sibi
2738 1899 2918 1982 virgo

644 2007 850 2064 mater
876 2021 991 2083 per
1019 2022 1253 2084 aquam
1285 2002 1693 2085 baptismatis
1722 2008 2002 2087 generat,
2030 2002 2379 2066 honoretur
2407 2009 2474 2065 et
2515 2000 2918 2083 praedicatur,

645 2099 869 2164 multae
898 2106 1117 2163 tamen
1146 2100 1428 2164 ecclesiae
1469 2101 1541 2163 in
1570 2102 1823 2166 unitate
1866 2102 2017 2167 fidei
2055 2100 2389 2165 catholicae
2417 2121 2499 2164 ex
2529 2120 2603 2164 eo
2632 2106 2919 2182 tempore

646 2218 774 2282 quo
821 2219 901 2262 ex
944 2198 1143 2263 latere
1184 2199 1337 2262 Jesu
1385 2199 1624 2263 Christi
1666 2201 1736 2263 in
1781 2221 1968 2265 cruce
2012 2200 2388 2264 dormientis
2432 2198 2744 2263 fabricata
2801 2204 2918 2275 est,

645 2296 1001 2360 secundum
1059 2297 1468 2363 devotionem
1525 2298 1816 2363 fidelium
1868 2298 2282 2374 aedificantur,
2342 2303 2538 2380 atque
2596 2317 2636 2360 a
2683 2295 2915 2359 funda-

645 2394 884 2458 mentis
919 2396 1269 2477 jaciuntur,
1297 2404 1373 2460 ut
1417 2417 1578 2480 quos
1607 2398 1803 2461 unius
1847 2398 2131 2461 ecclesiae
2175 2397 2355 2460 sinus
2398 2400 2659 2479 propter
2700 2394 2919 2477 ampla

646 2494 855 2578 spatia
884 2501 1067 2558 terrae
1097 2500 1164 2559 et
1191 2496 1386 2560 maris
1415 2497 1644 2581 nequit
1689 2495 2240 2580 comprehendere,
2270 2496 2342 2559 in
2370 2495 2597 2559 multis
2626 2493 2913 2560 ecclesiis

646 2595 841 2657 fidem
882 2601 1122 2659 rectam
1150 2601 1444 2661 tenentes
1488 2598 1732 2681 operari
1785 2596 2105 2673 studeant,
2135 2616 2280 2679 quae
2308 2602 2455 2678 post
2500 2594 2668 2659 hanc
2710 2594 2916 2658 vitam

645 2694 980 2760 venientes
1009 2716 1158 2760 cnm
1188 2696 1579 2762 exaltatione
1609 2718 1649 2761 a
1678 2696 1962 2761 Domino
1990 2695 2427 2778 centuplicata
2455 2689 2786 2778 recipiant.

734 2793 929 2859 Unde
981 2816 1095 2879 ego
1139 2796 1337 2860 frater
1374 2796 1743 2880 Stephanus,
1786 2796 1982 2880 hujus
2037 2797 2290 2861 Sanctae
2337 2793 2571 2858 Matris
2614 2791 2920 2856 Ecelesiae

644 2893 837 2971 filius,
881 2895 1080 2959 nullis
1126 2896 1285 2961 meis
1330 2896 1840 2980 praecedentibus
1892 2895 2160 2970 meritis,
2204 2894 2316 2958 sed
2363 2892 2499 2958 sola
2546 2893 2673 2957 Dei
2714 2892 2922 2975 gratia

646 2992 1047 3076 fratrumque
1089 3015 1380 3058 meorum
1421 2996 1718 3058 unanimi
1769 2994 1931 3056 mihi
1977 2992 2337 3057 faventium
2365 2991 2679 3055 electione
2722 2989 2919 3054 abbas

646 3091 1057 3167 constitutae,
1086 3092 1362 3174 qualiter
1391 3092 1470 3154 ad
1501 3091 1678 3155 hunc
1706 3091 1979 3174 gradum
2038 3089 2454 3171 pervenerim,
2482 3087 2588 3151 vel
2639 3089 2921 3169 qualiter

647 3188 937 3252 Ecclesia
956 3188 1207 3252 Sanctae
1233 3190 1467 3253 Maria·
1496 3189 1767 3252 Eboraci
1797 3187 1921 3263 cui,
1949 3188 2092 3250 Deo
2121 3193 2394 3262 auctore,
2426 3185 2673 3268 primus
2700 3185 2921 3252 Abbas

646 3286 839 3349 datus
869 3307 1031 3363 sum,
1055 3286 1325 3350 fundata
1346 3286 1452 3361 sit,
1471 3286 1554 3350 ad
1575 3293 1975 3368 posterorum
1998 3284 2372 3348 memoriam
2388 3283 2597 3347 literis
2615 3285 2921 3349 mandare

647 3384 886 3462 curavi,
907 3392 983 3448 ut
1004 3384 1211 3449 sciant
1229 3391 1575 3468 praesentes
1598 3391 1666 3448 et
1694 3383 1899 3448 futuri
1922 3383 2162 3467 posteri
2192 3384 2413 3461 nostri,
2435 3382 2551 3467 qui
2568 3383 2675 3448 vel
2697 3384 2921 3468 quales

646 3484 842 3568 hujus
864 3490 1098 3548 nostrae
1121 3483 1422 3548 Ecclesiae
1443 3482 1831 3562 fundatores,
1853 3483 1933 3548 de
1956 3484 2218 3567 quantis
2244 3483 2616 3548 invidorum
2634 3485 2918 3549 turbini-

719 3657 739 3691 ¹
762 3657 892 3709 This
917 3658 961 3708 is
984 3658 1078 3709 the
1100 3673 1233 3724 copy
1259 3655 1470 3723 printed
1495 3655 1571 3724 by
1584 3657 1826 3725 Dugdale
1851 3657 1987 3708 from
2005 3657 2098 3709 the
2113 3671 2201 3710 us,
2223 3658 2276 3708 iu
2297 3657 2392 3710 the
2411 3657 2664 3709 Bodleian
2681 3657 2922 3722 Library,

648 3741 754 3792 and
788 3740 993 3792 headed
1028 3742 1103 3806 by
1137 3741 1250 3792 him
1288 3744 1322 3768 “
1340 3740 1392 3792 S.
1433 3741 1618 3792 Mariae
1655 3741 1878 3792 Eboraci
1914 3741 2366 3803 Cenobium‚’'—“
2382 3742 2463 3792 Ex
2500 3745 2715 3792 vetusto
2749 3755 2838 3792 us.
2864 3740 2922 3789 in

648 3824 764 3876 Bib.
793 3824 1079 3876 Bodleiano
1102 3824 1323 3876 authore
1348 3824 1473 3876 Sim.
1500 3824 1748 3877 Warwic,
1781 3828 1831 3890 [8
1857 3824 1944 3876 W.
1971 3828 2058 3889 46]
2081 3827 2149 3878 92
2169 3825 2251 3876 a.”
2322 3825 2453 3876 This
2468 3838 2555 3876 us.
2577 3825 2623 3875 is
2642 3824 2924 3876 otherwise

648 3906 941 3958 numbered
977 3907 1089 3959 NE.
1116 3908 1182 3960 A.
1212 3910 1260 3971 3,
1291 3910 1377 3969 20,
1418 3908 1525 3960 and
1563 3913 1623 3961 at
1644 3913 1861 3976 present
1902 3910 1949 3960 it
1983 3909 2030 3960 is
2065 3909 2304 3972 marked,
2343 3909 2373 3959 1
2409 3908 2629 3969 believe,
2668 3907 2924 3973 “Bodley

650 4004 736 4041 us.
766 3989 884 4042 39.”
956 3990 1125 4042 There
1159 3991 1205 4043 is
1241 3992 1465 4045 another
1499 4010 1635 4060 copy
1660 3994 1718 4044 in
1753 3994 1845 4046 the
1881 3992 2109 4058 Library
2131 3993 2189 4044 of
2224 3993 2427 4059 Corpus
2452 3991 2650 4044 christi
2688 3990 2922 4056 college,

651 4073 746 4123 the
768 4073 1059 4125 variatione
1094 4075 1150 4125 in
1172 4076 1348 4127 which
1373 4077 1400 4127 Ι
1424 4093 1511 4128 am
1545 4077 1769 4129 enabled
1801 4081 1860 4128 to
1894 4080 2022 4128 note
2056 4076 2290 4143 through
2324 4076 2508 4128 Canon
2543 4071 2755 4126 Raine's
2791 4073 2925 4124 kind

651 4156 961 4221 permission
982 4161 1041 4208 to
1063 4157 1219 4208 make
1244 4175 1336 4210 use
1359 4159 1416 4210 of
1448 4160 1532 4210 his
1568 4177 1718 4227 copy.
1792 4159 1908 4210 The
1944 4160 2175 4226 heading
2207 4159 2264 4210 in
2296 4158 2390 4210 the
2414 4158 2617 4223 Corpus
2649 4173 2784 4223 copy
2808 4157 2925 4208 is—

657 4244 692 4268 “
713 4239 986 4301 Quomodo
1021 4244 1078 4290 et
1113 4257 1146 4290 a
1181 4241 1375 4307 quibus
1411 4243 1724 4293 Coenobinm
1768 4242 1975 4293 Sanctae
2013 4241 2196 4292 Mariae
2232 4241 2458 4292 Eboraci
2495 4239 2726 4291 fundata
2760 4240 2833 4290 sit
2867 4244 2924 4290 et

649 4325 877 4388 quantas
911 4321 1212 4373 invidorum
1246 4323 1679 4389 perturbaciones
1704 4324 1976 4390 compulsa
1997 4324 2329 4387 sustinuerit,
2354 4323 2449 4374 aed
2473 4322 2573 4373 Dei
2609 4326 2922 4390 protegente

649 4405 827 4474 gracia
849 4405 1012 4474 magis
1037 4422 1099 4457 ac
1123 4405 1289 4473 magis
1311 4409 1468 4457 aucta
1491 4410 1549 4458 et
1571 4406 1930 4475 multiplicata
1952 4405 2164 4459 fuerit.”

722 4487 743 4521 ²
766 4491 1051 4542 universum
1074 4488 1299 4540 omitted
1323 4489 1379 4541 in
1405 4489 1461 4540 C.
1495 4491 1726 4556 (Corpus
1750 4492 1860 4552 us.)
